ProductKey,OrderDateKey,SalesTerritoryKey,SalesOrderNumber,SalesOrderLineNumber,RevisionNumber,OrderQuantity,UnitPrice,ExtendedAmount
349,20050701,5,SO43659,1,1,1,2024.994,2024.994
350,20050701,5,SO43659,2,1,3,2024.994,6074.982
351,20050701,5,SO43659,3,1,1,2024.994,2024.994
344,20050701,5,SO43659,4,1,1,2039.994,2039.994
345,20050701,5,SO43659,5,1,1,2039.994,2039.994
346,20050701,5,SO43659,6,1,2,2039.994,4079.988
347,20050701,5,SO43659,7,1,1,2039.994,2039.994
229,20050701,5,SO43659,8,1,3,28.8404,86.5212
235,20050701,5,SO43659,9,1,1,28.8404,28.8404
218,20050701,5,SO43659,10,1,6,5.7,34.2
223,20050701,5,SO43659,11,1,2,5.1865,10.373
220,20050701,5,SO43659,12,1,4,20.1865,80.746
326,20050701,5,SO43660,1,1,1,419.4589,419.4589
319,20050701,5,SO43660,2,1,1,874.794,874.794
300,20050701,6,SO43661,1,1,1,809.76,809.76
296,20050701,6,SO43661,2,1,1,714.7043,714.7043
304,20050701,6,SO43661,3,1,2,714.7043,1429.4086
223,20050701,6,SO43661,4,1,4,5.1865,20.746
232,20050701,6,SO43661,5,1,4,28.8404,115.3616
293,20050701,6,SO43661,6,1,2,722.5949,1445.1898
348,20050701,6,SO43661,7,1,3,2024.994,6074.982
351,20050701,6,SO43661,8,1,2,2024.994,4049.988
220,20050701,6,SO43661,9,1,2,20.1865,40.373
292,20050701,6,SO43661,10,1,2,818.7,1637.4
349,20050701,6,SO43661,11,1,4,2024.994,8099.976
346,20050701,6,SO43661,12,1,2,2039.994,4079.988
235,20050701,6,SO43661,13,1,2,28.8404,57.6808
350,20050701,6,SO43661,14,1,2,2024.994,4049.988
215,20050701,6,SO43661,15,1,5,20.1865,100.9325
330,20050701,6,SO43662,1,1,3,419.4589,1258.3767
342,20050701,6,SO43662,2,1,5,419.4589,2097.2945
272,20050701,6,SO43662,3,1,2,183.9382,367.8764
315,20050701,6,SO43662,4,1,4,874.794,3499.176
262,20050701,6,SO43662,5,1,3,183.9382,551.8146
326,20050701,6,SO43662,6,1,5,419.4589,2097.2945
332,20050701,6,SO43662,7,1,3,419.4589,1258.3767
338,20050701,6,SO43662,8,1,2,419.4589,838.9178
314,20050701,6,SO43662,9,1,1,2146.962,2146.962
317,20050701,6,SO43662,10,1,1,874.794,874.794
328,20050701,6,SO43662,11,1,3,419.4589,1258.3767
275,20050701,6,SO43662,12,1,1,356.898,356.898
319,20050701,6,SO43662,13,1,6,874.794,5248.764
270,20050701,6,SO43662,14,1,1,183.9382,183.9382
253,20050701,6,SO43662,15,1,3,178.5808,535.7424
310,20050701,6,SO43662,16,1,1,2146.962,2146.962
322,20050701,6,SO43662,17,1,3,419.4589,1258.3767
264,20050701,6,SO43662,18,1,1,183.9382,183.9382
276,20050701,6,SO43662,19,1,1,356.898,356.898
285,20050701,6,SO43662,20,1,1,178.5808,178.5808
334,20050701,6,SO43662,21,1,3,419.4589,1258.3767
316,20050701,6,SO43662,22,1,1,874.794,874.794
322,20050701,4,SO43663,1,1,1,419.4589,419.4589
345,20050701,1,SO43664,1,1,1,2039.994,2039.994
348,20050701,1,SO43664,2,1,4,2024.994,8099.976
229,20050701,1,SO43664,3,1,1,28.8404,28.8404
235,20050701,1,SO43664,4,1,1,28.8404,28.8404
350,20050701,1,SO43664,5,1,2,2024.994,4049.988
344,20050701,1,SO43664,6,1,3,2039.994,6119.982
346,20050701,1,SO43664,7,1,1,2039.994,2039.994
351,20050701,1,SO43664,8,1,1,2024.994,2024.994
220,20050701,1,SO43665,1,1,2,20.1865,40.373
346,20050701,1,SO43665,2,1,1,2039.994,2039.994
212,20050701,1,SO43665,3,1,1,20.1865,20.1865
232,20050701,1,SO43665,4,1,2,28.8404,57.6808
350,20050701,1,SO43665,5,1,2,2024.994,4049.988
223,20050701,1,SO43665,6,1,2,5.1865,10.373
348,20050701,1,SO43665,7,1,2,2024.994,4049.988
351,20050701,1,SO43665,8,1,1,2024.994,2024.994
218,20050701,1,SO43665,9,1,6,5.7,34.2
349,20050701,1,SO43665,10,1,1,2024.994,2024.994
330,20050701,4,SO43666,1,1,1,419.4589,419.4589
314,20050701,4,SO43666,2,1,1,2146.962,2146.962
275,20050701,4,SO43666,3,1,1,356.898,356.898
317,20050701,4,SO43666,4,1,1,874.794,874.794
338,20050701,4,SO43666,5,1,2,419.4589,838.9178
334,20050701,4,SO43666,6,1,1,419.4589,419.4589
219,20050701,3,SO43667,1,1,3,5.7,17.1
346,20050701,3,SO43667,2,1,1,2039.994,2039.994
351,20050701,3,SO43667,3,1,1,2024.994,2024.994
348,20050701,3,SO43667,4,1,1,2024.994,2024.994
317,20050701,6,SO43668,1,1,3,874.794,2624.382
314,20050701,6,SO43668,2,1,2,2146.962,4293.924
322,20050701,6,SO43668,3,1,7,419.4589,2936.2123
332,20050701,6,SO43668,4,1,6,419.4589,2516.7534
232,20050701,6,SO43668,5,1,6,28.8404,173.0424
272,20050701,6,SO43668,6,1,6,183.9382,1103.6292
212,20050701,6,SO43668,7,1,2,20.1865,40.373
220,20050701,6,SO43668,8,1,2,20.1865,40.373
315,20050701,6,SO43668,9,1,2,874.794,1749.588
223,20050701,6,SO43668,10,1,4,5.1865,20.746
270,20050701,6,SO43668,11,1,2,183.9382,367.8764
316,20050701,6,SO43668,12,1,3,874.794,2624.382
324,20050701,6,SO43668,13,1,3,419.4589,1258.3767
342,20050701,6,SO43668,14,1,2,419.4589,838.9178
264,20050701,6,SO43668,15,1,3,183.9382,551.8146
330,20050701,6,SO43668,16,1,2,419.4589,838.9178
334,20050701,6,SO43668,17,1,2,419.4589,838.9178
262,20050701,6,SO43668,18,1,2,183.9382,367.8764
235,20050701,6,SO43668,19,1,1,28.8404,28.8404
338,20050701,6,SO43668,20,1,2,419.4589,838.9178
275,20050701,6,SO43668,21,1,4,356.898,1427.592
319,20050701,6,SO43668,22,1,6,874.794,5248.764
326,20050701,6,SO43668,23,1,4,419.4589,1677.8356
285,20050701,6,SO43668,24,1,3,178.5808,535.7424
229,20050701,6,SO43668,25,1,4,28.8404,115.3616
253,20050701,6,SO43668,26,1,3,178.5808,535.7424
215,20050701,6,SO43668,27,1,1,20.1865,20.1865
276,20050701,6,SO43668,28,1,3,356.898,1070.694
328,20050701,6,SO43668,29,1,3,419.4589,1258.3767
304,20050701,1,SO43669,1,1,1,714.7043,714.7043
219,20050701,3,SO43670,1,1,1,5.7,5.7
218,20050701,3,SO43670,2,1,2,5.7,11.4
346,20050701,3,SO43670,3,1,2,2039.994,4079.988
349,20050701,3,SO43670,4,1,1,2024.994,2024.994
314,20050701,1,SO43671,1,1,1,2146.962,2146.962
229,20050701,1,SO43671,2,1,2,28.8404,57.6808
317,20050701,1,SO43671,3,1,1,874.794,874.794
338,20050701,1,SO43671,4,1,2,419.4589,838.9178
275,20050701,1,SO43671,5,1,2,356.898,713.796
328,20050701,1,SO43671,6,1,2,419.4589,838.9178
316,20050701,1,SO43671,7,1,2,874.794,1749.588
330,20050701,1,SO43671,8,1,2,419.4589,838.9178
235,20050701,1,SO43671,9,1,1,28.8404,28.8404
220,20050701,1,SO43671,10,1,1,20.1865,20.1865
215,20050701,1,SO43671,11,1,1,20.1865,20.1865
218,20050701,6,SO43672,1,1,6,5.7,34.2
349,20050701,6,SO43672,2,1,2,2024.994,4049.988
347,20050701,6,SO43672,3,1,1,2039.994,2039.994
315,20050701,2,SO43673,1,1,1,874.794,874.794
232,20050701,2,SO43673,2,1,3,28.8404,86.5212
270,20050701,2,SO43673,3,1,1,183.9382,183.9382
324,20050701,2,SO43673,4,1,2,419.4589,838.9178
326,20050701,2,SO43673,5,1,1,419.4589,419.4589
285,20050701,2,SO43673,6,1,2,178.5808,357.1616
342,20050701,2,SO43673,7,1,2,419.4589,838.9178
223,20050701,2,SO43673,8,1,1,5.1865,5.1865
215,20050701,2,SO43673,9,1,2,20.1865,40.373
220,20050701,2,SO43673,10,1,1,20.1865,20.1865
212,20050701,2,SO43673,11,1,4,20.1865,80.746
319,20050701,6,SO43674,1,1,3,874.794,2624.382
324,20050701,3,SO43675,1,1,4,419.4589,1677.8356
220,20050701,3,SO43675,2,1,5,20.1865,100.9325
285,20050701,3,SO43675,3,1,2,178.5808,357.1616
215,20050701,3,SO43675,4,1,1,20.1865,20.1865
326,20050701,3,SO43675,5,1,2,419.4589,838.9178
319,20050701,3,SO43675,6,1,2,874.794,1749.588
223,20050701,3,SO43675,7,1,2,5.1865,10.373
315,20050701,3,SO43675,8,1,1,874.794,874.794
232,20050701,3,SO43675,9,1,3,28.8404,86.5212
349,20050701,5,SO43676,1,1,2,2024.994,4049.988
351,20050701,5,SO43676,2,1,2,2024.994,4049.988
219,20050701,5,SO43676,3,1,1,5.7,5.7
348,20050701,5,SO43676,4,1,3,2024.994,6074.982
218,20050701,5,SO43676,5,1,4,5.7,22.8
232,20050701,6,SO43677,1,1,3,28.8404,86.5212
314,20050701,6,SO43677,2,1,1,2146.962,2146.962
319,20050701,6,SO43677,3,1,1,874.794,874.794
342,20050701,6,SO43677,4,1,1,419.4589,419.4589
215,20050701,6,SO43677,5,1,2,20.1865,40.373
322,20050701,6,SO43677,6,1,4,419.4589,1677.8356
332,20050701,6,SO43677,7,1,2,419.4589,838.9178
328,20050701,6,SO43677,8,1,1,419.4589,419.4589
223,20050701,6,SO43677,9,1,5,5.1865,25.9325
212,20050701,6,SO43677,10,1,1,20.1865,20.1865
315,20050701,6,SO43677,11,1,1,874.794,874.794
270,20050701,6,SO43677,12,1,2,183.9382,367.8764
322,20050701,4,SO43678,1,1,1,419.4589,419.4589
285,20050701,4,SO43678,2,1,2,178.5808,357.1616
332,20050701,4,SO43678,3,1,1,419.4589,419.4589
275,20050701,4,SO43678,4,1,2,356.898,713.796
326,20050701,4,SO43678,5,1,3,419.4589,1258.3767
324,20050701,4,SO43678,6,1,2,419.4589,838.9178
223,20050701,4,SO43678,7,1,3,5.1865,15.5595
215,20050701,4,SO43678,8,1,4,20.1865,80.746
270,20050701,4,SO43678,9,1,2,183.9382,367.8764
317,20050701,4,SO43678,10,1,1,874.794,874.794
262,20050701,4,SO43678,11,1,2,183.9382,367.8764
235,20050701,4,SO43678,12,1,1,28.8404,28.8404
342,20050701,4,SO43678,13,1,1,419.4589,419.4589
319,20050701,4,SO43678,14,1,2,874.794,1749.588
232,20050701,4,SO43678,15,1,2,28.8404,57.6808
315,20050701,4,SO43678,16,1,1,874.794,874.794
316,20050701,4,SO43678,17,1,1,874.794,874.794
220,20050701,4,SO43678,18,1,3,20.1865,60.5595
212,20050701,4,SO43678,19,1,1,20.1865,20.1865
322,20050701,6,SO43679,1,1,1,419.4589,419.4589
342,20050701,6,SO43679,2,1,2,419.4589,838.9178
232,20050701,6,SO43679,3,1,2,28.8404,57.6808
322,20050701,4,SO43680,1,1,3,419.4589,1258.3767
317,20050701,4,SO43680,2,1,2,874.794,1749.588
285,20050701,4,SO43680,3,1,2,178.5808,357.1616
212,20050701,4,SO43680,4,1,4,20.1865,80.746
270,20050701,4,SO43680,5,1,1,183.9382,183.9382
220,20050701,4,SO43680,6,1,1,20.1865,20.1865
232,20050701,4,SO43680,7,1,2,28.8404,57.6808
262,20050701,4,SO43680,8,1,2,183.9382,367.8764
319,20050701,4,SO43680,9,1,1,874.794,874.794
324,20050701,4,SO43680,10,1,1,419.4589,419.4589
314,20050701,4,SO43680,11,1,2,2146.962,4293.924
215,20050701,4,SO43680,12,1,2,20.1865,40.373
332,20050701,4,SO43680,13,1,3,419.4589,1258.3767
223,20050701,4,SO43680,14,1,3,5.1865,15.5595
328,20050701,4,SO43680,15,1,1,419.4589,419.4589
232,20050701,5,SO43681,1,1,6,28.8404,173.0424
326,20050701,5,SO43681,2,1,5,419.4589,2097.2945
275,20050701,5,SO43681,3,1,1,356.898,356.898
212,20050701,5,SO43681,4,1,1,20.1865,20.1865
270,20050701,5,SO43681,5,1,1,183.9382,183.9382
215,20050701,5,SO43681,6,1,2,20.1865,40.373
342,20050701,5,SO43681,7,1,3,419.4589,1258.3767
272,20050701,5,SO43681,8,1,2,183.9382,367.8764
319,20050701,5,SO43681,9,1,3,874.794,2624.382
338,20050701,5,SO43681,10,1,1,419.4589,419.4589
324,20050701,5,SO43681,11,1,2,419.4589,838.9178
285,20050701,5,SO43681,12,1,2,178.5808,357.1616
314,20050701,5,SO43681,13,1,1,2146.962,2146.962
229,20050701,5,SO43681,14,1,2,28.8404,57.6808
330,20050701,5,SO43681,15,1,2,419.4589,838.9178
322,20050701,5,SO43681,16,1,2,419.4589,838.9178
317,20050701,5,SO43681,17,1,1,874.794,874.794
235,20050701,5,SO43681,18,1,2,28.8404,57.6808
220,20050701,5,SO43681,19,1,2,20.1865,40.373
262,20050701,5,SO43681,20,1,1,183.9382,183.9382
223,20050701,5,SO43681,21,1,2,5.1865,10.373
319,20050701,2,SO43682,1,1,2,874.794,1749.588
326,20050701,2,SO43682,2,1,1,419.4589,419.4589
322,20050701,2,SO43682,3,1,2,419.4589,838.9178
342,20050701,2,SO43682,4,1,2,419.4589,838.9178
232,20050701,2,SO43682,5,1,1,28.8404,28.8404
349,20050701,1,SO43683,1,1,2,2024.994,4049.988
232,20050701,1,SO43683,2,1,2,28.8404,57.6808
346,20050701,1,SO43683,3,1,2,2039.994,4079.988
347,20050701,1,SO43683,4,1,1,2039.994,2039.994
215,20050701,1,SO43683,5,1,1,20.1865,20.1865
220,20050701,1,SO43683,6,1,2,20.1865,40.373
223,20050701,1,SO43683,7,1,3,5.1865,15.5595
348,20050701,1,SO43683,8,1,4,2024.994,8099.976
350,20050701,1,SO43683,9,1,6,2024.994,12149.964
345,20050701,1,SO43683,10,1,1,2039.994,2039.994
212,20050701,1,SO43683,11,1,3,20.1865,60.5595
351,20050701,1,SO43683,12,1,5,2024.994,10124.97
218,20050701,1,SO43683,13,1,6,5.7,34.2
315,20050701,5,SO43684,1,1,2,874.794,1749.588
326,20050701,5,SO43684,2,1,2,419.4589,838.9178
322,20050701,5,SO43684,3,1,1,419.4589,419.4589
319,20050701,5,SO43684,4,1,2,874.794,1749.588
342,20050701,5,SO43684,5,1,1,419.4589,419.4589
328,20050701,5,SO43684,6,1,1,419.4589,419.4589
332,20050701,5,SO43685,1,1,3,419.4589,1258.3767
328,20050701,5,SO43685,2,1,1,419.4589,419.4589
315,20050701,5,SO43685,3,1,1,874.794,874.794
262,20050701,5,SO43685,4,1,1,183.9382,183.9382
319,20050701,1,SO43686,1,1,3,874.794,2624.382
326,20050701,1,SO43686,2,1,1,419.4589,419.4589
342,20050701,1,SO43686,3,1,1,419.4589,419.4589
338,20050701,2,SO43687,1,1,1,419.4589,419.4589
332,20050701,2,SO43687,2,1,2,419.4589,838.9178
262,20050701,2,SO43688,1,1,1,183.9382,183.9382
322,20050701,2,SO43688,2,1,2,419.4589,838.9178
326,20050701,2,SO43688,3,1,3,419.4589,1258.3767
285,20050701,2,SO43688,4,1,1,178.5808,178.5808
328,20050701,2,SO43688,5,1,1,419.4589,419.4589
270,20050701,2,SO43688,6,1,2,183.9382,367.8764
315,20050701,2,SO43688,7,1,2,874.794,1749.588
319,20050701,2,SO43688,8,1,2,874.794,1749.588
332,20050701,2,SO43688,9,1,3,419.4589,1258.3767
342,20050701,2,SO43688,10,1,1,419.4589,419.4589
314,20050701,2,SO43688,11,1,2,2146.962,4293.924
330,20050701,4,SO43689,1,1,3,419.4589,1258.3767
285,20050701,4,SO43689,2,1,2,178.5808,357.1616
262,20050701,4,SO43689,3,1,2,183.9382,367.8764
314,20050701,4,SO43689,4,1,1,2146.962,2146.962
316,20050701,4,SO43689,5,1,2,874.794,1749.588
334,20050701,4,SO43689,6,1,4,419.4589,1677.8356
342,20050701,4,SO43689,7,1,2,419.4589,838.9178
322,20050701,4,SO43689,8,1,7,419.4589,2936.2123
264,20050701,4,SO43689,9,1,3,183.9382,551.8146
253,20050701,4,SO43689,10,1,1,178.5808,178.5808
328,20050701,4,SO43689,11,1,6,419.4589,2516.7534
270,20050701,4,SO43689,12,1,2,183.9382,367.8764
272,20050701,4,SO43689,13,1,2,183.9382,367.8764
275,20050701,4,SO43689,14,1,2,356.898,713.796
332,20050701,4,SO43689,15,1,5,419.4589,2097.2945
338,20050701,4,SO43689,16,1,2,419.4589,838.9178
324,20050701,4,SO43689,17,1,2,419.4589,838.9178
319,20050701,4,SO43689,18,1,3,874.794,2624.382
310,20050701,4,SO43689,19,1,2,2146.962,4293.924
326,20050701,4,SO43689,20,1,9,419.4589,3775.1301
315,20050701,4,SO43689,21,1,4,874.794,3499.176
232,20050701,3,SO43690,1,1,1,28.8404,28.8404
342,20050701,3,SO43690,2,1,1,419.4589,419.4589
223,20050701,3,SO43690,3,1,2,5.1865,10.373
322,20050701,3,SO43690,4,1,2,419.4589,838.9178
319,20050701,4,SO43691,1,1,1,874.794,874.794
342,20050701,4,SO43692,1,1,5,419.4589,2097.2945
262,20050701,4,SO43692,2,1,1,183.9382,183.9382
315,20050701,4,SO43692,3,1,8,874.794,6998.352
272,20050701,4,SO43692,4,1,2,183.9382,367.8764
232,20050701,4,SO43692,5,1,10,28.8404,288.404
338,20050701,4,SO43692,6,1,1,419.4589,419.4589
317,20050701,4,SO43692,7,1,4,874.794,3499.176
285,20050701,4,SO43692,8,1,2,178.5808,357.1616
319,20050701,4,SO43692,9,1,8,874.794,6998.352
215,20050701,4,SO43692,10,1,3,20.1865,60.5595
326,20050701,4,SO43692,11,1,6,419.4589,2516.7534
275,20050701,4,SO43692,12,1,3,356.898,1070.694
223,20050701,4,SO43692,13,1,6,5.1865,31.119
229,20050701,4,SO43692,14,1,4,28.8404,115.3616
322,20050701,4,SO43692,15,1,7,419.4589,2936.2123
316,20050701,4,SO43692,16,1,2,874.794,1749.588
235,20050701,4,SO43692,17,1,4,28.8404,115.3616
332,20050701,4,SO43692,18,1,2,419.4589,838.9178
330,20050701,4,SO43692,19,1,1,419.4589,419.4589
314,20050701,4,SO43692,20,1,2,2146.962,4293.924
334,20050701,4,SO43692,21,1,1,419.4589,419.4589
253,20050701,4,SO43692,22,1,1,178.5808,178.5808
324,20050701,4,SO43692,23,1,3,419.4589,1258.3767
220,20050701,4,SO43692,24,1,3,20.1865,60.5595
328,20050701,4,SO43692,25,1,1,419.4589,419.4589
270,20050701,4,SO43692,26,1,2,183.9382,367.8764
212,20050701,4,SO43692,27,1,4,20.1865,80.746
264,20050701,4,SO43692,28,1,2,183.9382,367.8764
235,20050701,5,SO43693,1,1,3,28.8404,86.5212
346,20050701,5,SO43693,2,1,1,2039.994,2039.994
218,20050701,5,SO43693,3,1,6,5.7,34.2
212,20050701,5,SO43693,4,1,2,20.1865,40.373
344,20050701,5,SO43693,5,1,3,2039.994,6119.982
215,20050701,5,SO43693,6,1,2,20.1865,40.373
347,20050701,5,SO43693,7,1,1,2039.994,2039.994
350,20050701,5,SO43693,8,1,3,2024.994,6074.982
345,20050701,5,SO43693,9,1,1,2039.994,2039.994
351,20050701,5,SO43693,10,1,1,2024.994,2024.994
349,20050701,5,SO43694,1,1,3,2024.994,6074.982
344,20050701,5,SO43694,2,1,3,2039.994,6119.982
232,20050701,5,SO43694,3,1,2,28.8404,57.6808
345,20050701,5,SO43694,4,1,1,2039.994,2039.994
235,20050701,5,SO43694,5,1,3,28.8404,86.5212
212,20050701,5,SO43694,6,1,1,20.1865,20.1865
215,20050701,5,SO43694,7,1,1,20.1865,20.1865
347,20050701,5,SO43694,8,1,1,2039.994,2039.994
346,20050701,5,SO43694,9,1,2,2039.994,4079.988
223,20050701,5,SO43694,10,1,1,5.1865,5.1865
220,20050701,5,SO43694,11,1,5,20.1865,100.9325
347,20050701,5,SO43695,1,1,2,2039.994,4079.988
307,20050701,5,SO43695,2,1,2,722.5949,1445.1898
304,20050701,5,SO43695,3,1,1,714.7043,714.7043
293,20050701,5,SO43695,4,1,1,722.5949,722.5949
350,20050701,5,SO43695,5,1,5,2024.994,10124.97
351,20050701,5,SO43695,6,1,6,2024.994,12149.964
218,20050701,5,SO43695,7,1,2,5.7,11.4
348,20050701,5,SO43695,8,1,5,2024.994,10124.97
326,20050701,5,SO43696,1,1,1,419.4589,419.4589
347,20050801,3,SO43843,1,1,2,2039.994,4079.988
351,20050801,3,SO43843,2,1,2,2024.994,4049.988
293,20050801,3,SO43843,3,1,2,722.5949,1445.1898
350,20050801,3,SO43843,4,1,5,2024.994,10124.97
307,20050801,3,SO43843,5,1,2,722.5949,1445.1898
292,20050801,3,SO43843,6,1,1,818.7,818.7
300,20050801,3,SO43843,7,1,1,809.76,809.76
344,20050801,3,SO43843,8,1,2,2039.994,4079.988
218,20050801,3,SO43843,9,1,2,5.7,11.4
349,20050801,3,SO43843,10,1,3,2024.994,6074.982
348,20050801,6,SO43844,1,1,4,2024.994,8099.976
349,20050801,6,SO43844,2,1,2,2024.994,4049.988
350,20050801,6,SO43844,3,1,3,2024.994,6074.982
351,20050801,6,SO43844,4,1,1,2024.994,2024.994
262,20050801,5,SO43845,1,1,1,183.9382,183.9382
232,20050801,5,SO43845,2,1,3,28.8404,86.5212
342,20050801,5,SO43845,3,1,1,419.4589,419.4589
328,20050801,5,SO43845,4,1,2,419.4589,838.9178
324,20050801,5,SO43845,5,1,2,419.4589,838.9178
315,20050801,5,SO43845,6,1,1,874.794,874.794
332,20050801,5,SO43845,7,1,2,419.4589,838.9178
314,20050801,5,SO43845,8,1,2,2146.962,4293.924
270,20050801,5,SO43845,9,1,1,183.9382,183.9382
223,20050801,5,SO43845,10,1,4,5.1865,20.746
270,20050801,6,SO43846,1,1,3,183.9382,551.8146
223,20050801,6,SO43846,2,1,1,5.1865,5.1865
285,20050801,6,SO43846,3,1,1,178.5808,178.5808
262,20050801,6,SO43846,4,1,1,183.9382,183.9382
232,20050801,6,SO43847,1,1,1,28.8404,28.8404
223,20050801,6,SO43847,2,1,1,5.1865,5.1865
319,20050801,6,SO43847,3,1,1,874.794,874.794
346,20050801,1,SO43848,1,1,1,2039.994,2039.994
351,20050801,1,SO43848,2,1,1,2024.994,2024.994
348,20050801,1,SO43848,3,1,1,2024.994,2024.994
349,20050801,1,SO43848,4,1,4,2024.994,8099.976
344,20050801,1,SO43848,5,1,2,2039.994,4079.988
349,20050801,1,SO43849,1,1,2,2024.994,4049.988
229,20050801,1,SO43849,2,1,1,28.8404,28.8404
350,20050801,1,SO43849,3,1,2,2024.994,4049.988
344,20050801,1,SO43849,4,1,2,2039.994,4079.988
220,20050801,1,SO43849,5,1,1,20.1865,20.1865
346,20050801,1,SO43849,6,1,1,2039.994,2039.994
232,20050801,1,SO43849,7,1,4,28.8404,115.3616
345,20050801,1,SO43849,8,1,1,2039.994,2039.994
212,20050801,1,SO43849,9,1,1,20.1865,20.1865
347,20050801,1,SO43849,10,1,2,2039.994,4079.988
215,20050801,1,SO43849,11,1,1,20.1865,20.1865
332,20050801,6,SO43850,1,1,1,419.4589,419.4589
316,20050801,6,SO43850,2,1,1,874.794,874.794
324,20050801,6,SO43850,3,1,1,419.4589,419.4589
326,20050801,6,SO43850,4,1,2,419.4589,838.9178
314,20050801,6,SO43850,5,1,1,2146.962,2146.962
262,20050801,6,SO43850,6,1,3,183.9382,551.8146
270,20050801,6,SO43850,7,1,1,183.9382,183.9382
319,20050801,6,SO43850,8,1,3,874.794,2624.382
317,20050801,6,SO43850,9,1,1,874.794,874.794
275,20050801,6,SO43850,10,1,3,356.898,1070.694
285,20050801,6,SO43850,11,1,1,178.5808,178.5808
324,20050801,2,SO43851,1,1,2,419.4589,838.9178
322,20050801,2,SO43851,2,1,1,419.4589,419.4589
220,20050801,2,SO43851,3,1,1,20.1865,20.1865
342,20050801,2,SO43851,4,1,3,419.4589,1258.3767
212,20050801,2,SO43851,5,1,1,20.1865,20.1865
262,20050801,2,SO43851,6,1,1,183.9382,183.9382
315,20050801,2,SO43851,7,1,1,874.794,874.794
285,20050801,2,SO43851,8,1,3,178.5808,535.7424
314,20050801,2,SO43851,9,1,1,2146.962,2146.962
332,20050801,2,SO43851,10,1,1,419.4589,419.4589
223,20050801,2,SO43851,11,1,1,5.1865,5.1865
215,20050801,2,SO43851,12,1,3,20.1865,60.5595
349,20050801,6,SO43852,1,1,1,2024.994,2024.994
350,20050801,6,SO43853,1,1,2,2024.994,4049.988
346,20050801,6,SO43853,2,1,1,2039.994,2039.994
344,20050801,6,SO43853,3,1,1,2039.994,2039.994
349,20050801,6,SO43853,4,1,4,2024.994,8099.976
348,20050801,6,SO43853,5,1,2,2024.994,4049.988
351,20050801,6,SO43853,6,1,3,2024.994,6074.982
319,20050801,6,SO43854,1,1,2,874.794,1749.588
332,20050801,6,SO43855,1,1,2,419.4589,838.9178
322,20050801,6,SO43855,2,1,2,419.4589,838.9178
314,20050801,6,SO43855,3,1,1,2146.962,2146.962
324,20050801,6,SO43855,4,1,4,419.4589,1677.8356
285,20050801,6,SO43855,5,1,1,178.5808,178.5808
326,20050801,6,SO43855,6,1,3,419.4589,1258.3767
275,20050801,6,SO43855,7,1,2,356.898,713.796
334,20050801,6,SO43855,8,1,1,419.4589,419.4589
264,20050801,6,SO43855,9,1,1,183.9382,183.9382
342,20050801,6,SO43855,10,1,2,419.4589,838.9178
262,20050801,6,SO43855,11,1,1,183.9382,183.9382
316,20050801,6,SO43855,12,1,1,874.794,874.794
338,20050801,6,SO43855,13,1,2,419.4589,838.9178
218,20050801,6,SO43856,1,1,2,5.7,11.4
350,20050801,6,SO43856,2,1,1,2024.994,2024.994
322,20050801,6,SO43857,1,1,1,419.4589,419.4589
332,20050801,6,SO43857,2,1,1,419.4589,419.4589
326,20050801,6,SO43857,3,1,2,419.4589,838.9178
319,20050801,6,SO43857,4,1,3,874.794,2624.382
232,20050801,6,SO43857,5,1,1,28.8404,28.8404
223,20050801,6,SO43857,6,1,3,5.1865,15.5595
235,20050801,6,SO43857,7,1,1,28.8404,28.8404
262,20050801,6,SO43857,8,1,1,183.9382,183.9382
220,20050801,6,SO43857,9,1,2,20.1865,40.373
215,20050801,6,SO43857,10,1,1,20.1865,20.1865
285,20050801,6,SO43857,11,1,2,178.5808,357.1616
328,20050801,6,SO43857,12,1,1,419.4589,419.4589
315,20050801,6,SO43857,13,1,2,874.794,1749.588
212,20050801,6,SO43857,14,1,2,20.1865,40.373
326,20050801,2,SO43858,1,1,2,419.4589,838.9178
324,20050801,2,SO43858,2,1,2,419.4589,838.9178
342,20050801,2,SO43858,3,1,5,419.4589,2097.2945
332,20050801,2,SO43858,4,1,1,419.4589,419.4589
285,20050801,2,SO43858,5,1,2,178.5808,357.1616
328,20050801,2,SO43858,6,1,3,419.4589,1258.3767
315,20050801,2,SO43858,7,1,2,874.794,1749.588
253,20050801,2,SO43858,8,1,1,178.5808,178.5808
314,20050801,2,SO43858,9,1,2,2146.962,4293.924
264,20050801,2,SO43858,10,1,1,183.9382,183.9382
334,20050801,2,SO43858,11,1,1,419.4589,419.4589
270,20050801,2,SO43858,12,1,1,183.9382,183.9382
317,20050801,2,SO43858,13,1,1,874.794,874.794
232,20050801,4,SO43859,1,1,1,28.8404,28.8404
326,20050801,4,SO43859,2,1,1,419.4589,419.4589
319,20050801,4,SO43859,3,1,3,874.794,2624.382
322,20050801,4,SO43859,4,1,2,419.4589,838.9178
324,20050801,1,SO43860,1,1,2,419.4589,838.9178
342,20050801,1,SO43860,2,1,1,419.4589,419.4589
319,20050801,1,SO43860,3,1,2,874.794,1749.588
332,20050801,1,SO43860,4,1,2,419.4589,838.9178
275,20050801,1,SO43860,5,1,1,356.898,356.898
326,20050801,1,SO43860,6,1,1,419.4589,419.4589
285,20050801,1,SO43860,7,1,1,178.5808,178.5808
338,20050801,1,SO43860,8,1,1,419.4589,419.4589
314,20050801,1,SO43860,9,1,2,2146.962,4293.924
270,20050801,1,SO43860,10,1,1,183.9382,183.9382
328,20050801,1,SO43860,11,1,1,419.4589,419.4589
317,20050801,1,SO43860,12,1,1,874.794,874.794
275,20050801,5,SO43861,1,1,1,356.898,356.898
330,20050801,5,SO43861,2,1,3,419.4589,1258.3767
342,20050801,5,SO43861,3,1,5,419.4589,2097.2945
338,20050801,5,SO43861,4,1,2,419.4589,838.9178
262,20050801,5,SO43861,5,1,1,183.9382,183.9382
232,20050801,5,SO43861,6,1,9,28.8404,259.5636
332,20050801,5,SO43861,7,1,4,419.4589,1677.8356
314,20050801,5,SO43861,8,1,1,2146.962,2146.962
276,20050801,5,SO43861,9,1,2,356.898,713.796
272,20050801,5,SO43861,10,1,2,183.9382,367.8764
334,20050801,5,SO43861,11,1,2,419.4589,838.9178
220,20050801,5,SO43861,12,1,4,20.1865,80.746
315,20050801,5,SO43861,13,1,3,874.794,2624.382
317,20050801,5,SO43861,14,1,2,874.794,1749.588
270,20050801,5,SO43861,15,1,2,183.9382,367.8764
322,20050801,5,SO43861,16,1,4,419.4589,1677.8356
316,20050801,5,SO43861,17,1,2,874.794,1749.588
235,20050801,5,SO43861,18,1,6,28.8404,173.0424
328,20050801,5,SO43861,19,1,2,419.4589,838.9178
319,20050801,5,SO43861,20,1,2,874.794,1749.588
223,20050801,5,SO43861,21,1,9,5.1865,46.6785
324,20050801,5,SO43861,22,1,2,419.4589,838.9178
212,20050801,5,SO43861,23,1,4,20.1865,80.746
285,20050801,5,SO43861,24,1,1,178.5808,178.5808
229,20050801,5,SO43861,25,1,3,28.8404,86.5212
253,20050801,5,SO43861,26,1,2,178.5808,357.1616
215,20050801,5,SO43861,27,1,3,20.1865,60.5595
344,20050801,5,SO43862,1,1,4,2039.994,8159.976
292,20050801,5,SO43862,2,1,1,818.7,818.7
350,20050801,5,SO43862,3,1,3,2024.994,6074.982
346,20050801,5,SO43862,4,1,4,2039.994,8159.976
304,20050801,5,SO43862,5,1,2,714.7043,1429.4086
307,20050801,5,SO43862,6,1,2,722.5949,1445.1898
347,20050801,5,SO43862,7,1,2,2039.994,4079.988
300,20050801,5,SO43862,8,1,1,809.76,809.76
218,20050801,5,SO43862,9,1,4,5.7,22.8
319,20050801,4,SO43863,1,1,1,874.794,874.794
223,20050801,4,SO43863,2,1,1,5.1865,5.1865
322,20050801,4,SO43863,3,1,1,419.4589,419.4589
326,20050801,4,SO43863,4,1,1,419.4589,419.4589
345,20050801,4,SO43864,1,1,5,2039.994,10199.97
304,20050801,4,SO43864,2,1,1,714.7043,714.7043
292,20050801,4,SO43864,3,1,2,818.7,1637.4
351,20050801,4,SO43864,4,1,2,2024.994,4049.988
349,20050801,4,SO43864,5,1,4,2024.994,8099.976
307,20050801,4,SO43864,6,1,1,722.5949,722.5949
344,20050801,4,SO43864,7,1,2,2039.994,4079.988
346,20050801,4,SO43864,8,1,4,2039.994,8159.976
300,20050801,4,SO43864,9,1,1,809.76,809.76
319,20050801,4,SO43865,1,1,1,874.794,874.794
342,20050801,4,SO43865,2,1,2,419.4589,838.9178
314,20050801,4,SO43865,3,1,1,2146.962,2146.962
322,20050801,4,SO43865,4,1,4,419.4589,1677.8356
262,20050801,4,SO43865,5,1,1,183.9382,183.9382
270,20050801,4,SO43865,6,1,4,183.9382,735.7528
326,20050801,4,SO43865,7,1,1,419.4589,419.4589
328,20050801,4,SO43865,8,1,2,419.4589,838.9178
232,20050801,4,SO43865,9,1,5,28.8404,144.202
285,20050801,4,SO43865,10,1,1,178.5808,178.5808
223,20050801,4,SO43865,11,1,3,5.1865,15.5595
332,20050801,4,SO43865,12,1,3,419.4589,1258.3767
324,20050801,4,SO43865,13,1,3,419.4589,1258.3767
315,20050801,4,SO43865,14,1,3,874.794,2624.382
344,20050801,1,SO43866,1,1,1,2039.994,2039.994
350,20050801,1,SO43866,2,1,1,2024.994,2024.994
218,20050801,1,SO43866,3,1,2,5.7,11.4
215,20050801,1,SO43867,1,1,1,20.1865,20.1865
347,20050801,1,SO43867,2,1,1,2039.994,2039.994
349,20050801,1,SO43867,3,1,2,2024.994,4049.988
232,20050801,1,SO43867,4,1,2,28.8404,57.6808
346,20050801,1,SO43867,5,1,2,2039.994,4079.988
218,20050801,1,SO43867,6,1,2,5.7,11.4
229,20050801,1,SO43867,7,1,3,28.8404,86.5212
344,20050801,1,SO43867,8,1,4,2039.994,8159.976
220,20050801,1,SO43867,9,1,2,20.1865,40.373
212,20050801,1,SO43867,10,1,1,20.1865,20.1865
351,20050801,1,SO43867,11,1,2,2024.994,4049.988
223,20050801,1,SO43867,12,1,4,5.1865,20.746
296,20050801,1,SO43867,13,1,2,714.7043,1429.4086
307,20050801,1,SO43867,14,1,1,722.5949,722.5949
293,20050801,1,SO43867,15,1,3,722.5949,2167.7847
292,20050801,1,SO43867,16,1,2,818.7,1637.4
350,20050801,1,SO43867,17,1,2,2024.994,4049.988
235,20050801,1,SO43867,18,1,1,28.8404,28.8404
310,20050801,6,SO43868,1,1,1,2146.962,2146.962
304,20050801,1,SO43869,1,1,1,714.7043,714.7043
348,20050801,1,SO43869,2,1,5,2024.994,10124.97
350,20050801,1,SO43869,3,1,2,2024.994,4049.988
300,20050801,1,SO43869,4,1,2,809.76,1619.52
344,20050801,1,SO43869,5,1,5,2039.994,10199.97
345,20050801,1,SO43869,6,1,4,2039.994,8159.976
296,20050801,1,SO43869,7,1,1,714.7043,714.7043
347,20050801,1,SO43869,8,1,1,2039.994,2039.994
351,20050801,1,SO43869,9,1,5,2024.994,10124.97
293,20050801,1,SO43869,10,1,2,722.5949,1445.1898
322,20050801,2,SO43870,1,1,3,419.4589,1258.3767
326,20050801,2,SO43870,2,1,2,419.4589,838.9178
232,20050801,2,SO43870,3,1,3,28.8404,86.5212
342,20050801,2,SO43870,4,1,3,419.4589,1258.3767
319,20050801,2,SO43870,5,1,1,874.794,874.794
223,20050801,3,SO43871,1,1,1,5.1865,5.1865
324,20050801,3,SO43871,2,1,1,419.4589,419.4589
270,20050801,3,SO43871,3,1,2,183.9382,367.8764
212,20050801,3,SO43871,4,1,2,20.1865,40.373
319,20050801,3,SO43871,5,1,1,874.794,874.794
262,20050801,3,SO43871,6,1,1,183.9382,183.9382
326,20050801,3,SO43871,7,1,1,419.4589,419.4589
232,20050801,3,SO43871,8,1,2,28.8404,57.6808
315,20050801,3,SO43871,9,1,3,874.794,2624.382
314,20050801,3,SO43871,10,1,1,2146.962,2146.962
215,20050801,3,SO43871,11,1,4,20.1865,80.746
322,20050801,3,SO43871,12,1,2,419.4589,838.9178
342,20050801,3,SO43871,13,1,3,419.4589,1258.3767
220,20050801,3,SO43871,14,1,4,20.1865,80.746
328,20050801,4,SO43872,1,1,1,419.4589,419.4589
215,20050801,4,SO43872,2,1,1,20.1865,20.1865
319,20050801,4,SO43872,3,1,3,874.794,2624.382
317,20050801,4,SO43872,4,1,2,874.794,1749.588
332,20050801,4,SO43872,5,1,1,419.4589,419.4589
220,20050801,4,SO43872,6,1,2,20.1865,40.373
212,20050801,4,SO43872,7,1,4,20.1865,80.746
262,20050801,4,SO43872,8,1,2,183.9382,367.8764
275,20050801,4,SO43872,9,1,1,356.898,356.898
285,20050801,4,SO43872,10,1,1,178.5808,178.5808
314,20050801,4,SO43872,11,1,1,2146.962,2146.962
315,20050801,4,SO43872,12,1,2,874.794,1749.588
316,20050801,4,SO43872,13,1,1,874.794,874.794
235,20050801,4,SO43872,14,1,4,28.8404,115.3616
322,20050801,4,SO43872,15,1,1,419.4589,419.4589
223,20050801,4,SO43872,16,1,4,5.1865,20.746
342,20050801,4,SO43873,1,1,6,419.4589,2516.7534
330,20050801,4,SO43873,2,1,2,419.4589,838.9178
310,20050801,4,SO43873,3,1,2,2146.962,4293.924
264,20050801,4,SO43873,4,1,5,183.9382,919.691
270,20050801,4,SO43873,5,1,5,183.9382,919.691
316,20050801,4,SO43873,6,1,1,874.794,874.794
285,20050801,4,SO43873,7,1,1,178.5808,178.5808
334,20050801,4,SO43873,8,1,3,419.4589,1258.3767
253,20050801,4,SO43873,9,1,3,178.5808,535.7424
319,20050801,4,SO43873,10,1,5,874.794,4373.97
322,20050801,4,SO43873,11,1,5,419.4589,2097.2945
276,20050801,4,SO43873,12,1,3,356.898,1070.694
338,20050801,4,SO43873,13,1,2,419.4589,838.9178
317,20050801,4,SO43873,14,1,1,874.794,874.794
212,20050801,4,SO43873,15,1,5,20.1865,100.9325
332,20050801,4,SO43873,16,1,1,419.4589,419.4589
220,20050801,4,SO43873,17,1,2,20.1865,40.373
315,20050801,4,SO43873,18,1,6,874.794,5248.764
272,20050801,4,SO43873,19,1,3,183.9382,551.8146
324,20050801,4,SO43873,20,1,6,419.4589,2516.7534
328,20050801,4,SO43873,21,1,5,419.4589,2097.2945
235,20050801,4,SO43873,22,1,1,28.8404,28.8404
232,20050801,4,SO43873,23,1,5,28.8404,144.202
229,20050801,4,SO43873,24,1,1,28.8404,28.8404
326,20050801,4,SO43873,25,1,4,419.4589,1677.8356
262,20050801,4,SO43873,26,1,2,183.9382,367.8764
314,20050801,4,SO43873,27,1,2,2146.962,4293.924
275,20050801,4,SO43873,28,1,6,356.898,2141.388
328,20050801,3,SO43874,1,1,1,419.4589,419.4589
351,20050801,5,SO43875,1,1,6,2024.994,12149.964
304,20050801,5,SO43875,2,1,2,714.7043,1429.4086
292,20050801,5,SO43875,3,1,1,818.7,818.7
218,20050801,5,SO43875,4,1,2,5.7,11.4
232,20050801,5,SO43875,5,1,2,28.8404,57.6808
347,20050801,5,SO43875,6,1,7,2039.994,14279.958
344,20050801,5,SO43875,7,1,6,2039.994,12239.964
212,20050801,5,SO43875,8,1,2,20.1865,40.373
307,20050801,5,SO43875,9,1,5,722.5949,3612.9745
346,20050801,5,SO43875,10,1,12,1971.9942,23663.9304
300,20050801,5,SO43875,11,1,1,809.76,809.76
348,20050801,5,SO43875,12,1,13,1957.4942,25447.4246
345,20050801,5,SO43875,13,1,2,2039.994,4079.988
349,20050801,5,SO43875,14,1,8,2024.994,16199.952
296,20050801,5,SO43875,15,1,2,714.7043,1429.4086
223,20050801,5,SO43875,16,1,2,5.1865,10.373
350,20050801,5,SO43875,17,1,2,2024.994,4049.988
235,20050801,5,SO43875,18,1,3,28.8404,86.5212
215,20050801,5,SO43875,19,1,5,20.1865,100.9325
293,20050801,5,SO43875,20,1,3,722.5949,2167.7847
229,20050801,5,SO43875,21,1,2,28.8404,57.6808
326,20050801,2,SO43876,1,1,2,419.4589,838.9178
319,20050801,2,SO43876,2,1,1,874.794,874.794
328,20050801,2,SO43876,3,1,3,419.4589,1258.3767
315,20050801,2,SO43876,4,1,2,874.794,1749.588
262,20050801,2,SO43876,5,1,2,183.9382,367.8764
324,20050801,2,SO43876,6,1,2,419.4589,838.9178
342,20050801,2,SO43876,7,1,2,419.4589,838.9178
270,20050801,2,SO43876,8,1,2,183.9382,367.8764
232,20050801,1,SO43877,1,1,4,28.8404,115.3616
215,20050801,1,SO43877,2,1,2,20.1865,40.373
218,20050801,1,SO43877,3,1,5,5.7,28.5
344,20050801,1,SO43877,4,1,3,2039.994,6119.982
348,20050801,1,SO43877,5,1,2,2024.994,4049.988
347,20050801,1,SO43877,6,1,4,2039.994,8159.976
351,20050801,1,SO43877,7,1,1,2024.994,2024.994
235,20050801,1,SO43877,8,1,1,28.8404,28.8404
220,20050801,1,SO43877,9,1,1,20.1865,20.1865
212,20050801,1,SO43877,10,1,2,20.1865,40.373
345,20050801,2,SO43878,1,1,1,2039.994,2039.994
344,20050801,2,SO43878,2,1,1,2039.994,2039.994
326,20050801,6,SO43879,1,1,3,419.4589,1258.3767
328,20050801,6,SO43879,2,1,2,419.4589,838.9178
322,20050801,6,SO43879,3,1,3,419.4589,1258.3767
330,20050801,6,SO43879,4,1,2,419.4589,838.9178
232,20050801,6,SO43879,5,1,2,28.8404,57.6808
262,20050801,6,SO43879,6,1,4,183.9382,735.7528
229,20050801,6,SO43879,7,1,4,28.8404,115.3616
342,20050801,6,SO43879,8,1,4,419.4589,1677.8356
272,20050801,6,SO43879,9,1,3,183.9382,551.8146
315,20050801,6,SO43879,10,1,2,874.794,1749.588
264,20050801,6,SO43879,11,1,2,183.9382,367.8764
235,20050801,6,SO43879,12,1,1,28.8404,28.8404
334,20050801,6,SO43879,13,1,2,419.4589,838.9178
332,20050801,6,SO43879,14,1,3,419.4589,1258.3767
270,20050801,6,SO43879,15,1,3,183.9382,551.8146
338,20050801,6,SO43879,16,1,1,419.4589,419.4589
215,20050801,6,SO43879,17,1,5,20.1865,100.9325
319,20050801,6,SO43879,18,1,3,874.794,2624.382
317,20050801,6,SO43879,19,1,1,874.794,874.794
285,20050801,6,SO43879,20,1,3,178.5808,535.7424
316,20050801,6,SO43879,21,1,2,874.794,1749.588
212,20050801,6,SO43879,22,1,4,20.1865,80.746
220,20050801,6,SO43879,23,1,5,20.1865,100.9325
253,20050801,6,SO43879,24,1,5,178.5808,892.904
314,20050801,6,SO43879,25,1,1,2146.962,2146.962
223,20050801,6,SO43879,26,1,13,5.0136,65.1768
322,20050801,6,SO43880,1,1,3,419.4589,1258.3767
316,20050801,6,SO43880,2,1,2,874.794,1749.588
326,20050801,6,SO43880,3,1,3,419.4589,1258.3767
342,20050801,6,SO43880,4,1,3,419.4589,1258.3767
334,20050801,6,SO43880,5,1,1,419.4589,419.4589
285,20050801,6,SO43880,6,1,1,178.5808,178.5808
275,20050801,6,SO43880,7,1,1,356.898,356.898
314,20050801,6,SO43880,8,1,2,2146.962,4293.924
317,20050801,6,SO43880,9,1,2,874.794,1749.588
262,20050801,6,SO43880,10,1,2,183.9382,367.8764
319,20050801,6,SO43880,11,1,2,874.794,1749.588
330,20050801,6,SO43880,12,1,1,419.4589,419.4589
338,20050801,6,SO43880,13,1,1,419.4589,419.4589
349,20050801,3,SO43881,1,1,2,2024.994,4049.988
351,20050801,3,SO43881,2,1,2,2024.994,4049.988
345,20050801,3,SO43881,3,1,5,2039.994,10199.97
347,20050801,3,SO43881,4,1,3,2039.994,6119.982
350,20050801,3,SO43881,5,1,3,2024.994,6074.982
229,20050801,3,SO43881,6,1,2,28.8404,57.6808
346,20050801,3,SO43881,7,1,4,2039.994,8159.976
218,20050801,3,SO43881,8,1,21,5.225,109.725
351,20050801,6,SO43882,1,1,1,2024.994,2024.994
264,20050801,2,SO43883,1,1,2,183.9382,367.8764
275,20050801,2,SO43883,2,1,1,356.898,356.898
328,20050801,2,SO43883,3,1,2,419.4589,838.9178
338,20050801,2,SO43883,4,1,1,419.4589,419.4589
342,20050801,2,SO43883,5,1,2,419.4589,838.9178
223,20050801,2,SO43883,6,1,2,5.1865,10.373
322,20050801,2,SO43883,7,1,2,419.4589,838.9178
253,20050801,2,SO43883,8,1,1,178.5808,178.5808
262,20050801,2,SO43883,9,1,1,183.9382,183.9382
285,20050801,2,SO43883,10,1,3,178.5808,535.7424
310,20050801,2,SO43883,11,1,1,2146.962,2146.962
326,20050801,2,SO43883,12,1,3,419.4589,1258.3767
319,20050801,2,SO43883,13,1,3,874.794,2624.382
315,20050801,2,SO43883,14,1,2,874.794,1749.588
324,20050801,2,SO43883,15,1,2,419.4589,838.9178
314,20050801,2,SO43883,16,1,2,2146.962,4293.924
332,20050801,2,SO43883,17,1,2,419.4589,838.9178
304,20050801,3,SO43884,1,1,3,714.7043,2144.1129
215,20050801,3,SO43884,2,1,4,20.1865,80.746
300,20050801,3,SO43884,3,1,3,809.76,2429.28
232,20050801,3,SO43884,4,1,10,28.8404,288.404
350,20050801,3,SO43884,5,1,10,2024.994,20249.94
349,20050801,3,SO43884,6,1,5,2024.994,10124.97
346,20050801,3,SO43884,7,1,5,2039.994,10199.97
292,20050801,3,SO43884,8,1,3,818.7,2456.1
220,20050801,3,SO43884,9,1,5,20.1865,100.9325
351,20050801,3,SO43884,10,1,4,2024.994,8099.976
235,20050801,3,SO43884,11,1,6,28.8404,173.0424
307,20050801,3,SO43884,12,1,1,722.5949,722.5949
344,20050801,3,SO43884,13,1,8,2039.994,16319.952
223,20050801,3,SO43884,14,1,8,5.1865,41.492
348,20050801,3,SO43884,15,1,2,2024.994,4049.988
296,20050801,3,SO43884,16,1,3,714.7043,2144.1129
345,20050801,3,SO43884,17,1,14,1971.9942,27607.9188
212,20050801,3,SO43884,18,1,4,20.1865,80.746
347,20050801,3,SO43884,19,1,4,2039.994,8159.976
218,20050801,3,SO43884,20,1,4,5.7,22.8
293,20050801,3,SO43884,21,1,1,722.5949,722.5949
229,20050801,3,SO43884,22,1,1,28.8404,28.8404
219,20050801,4,SO43885,1,1,4,5.7,22.8
218,20050801,4,SO43885,2,1,8,5.7,45.6
315,20050801,6,SO43886,1,1,2,874.794,1749.588
328,20050801,6,SO43886,2,1,1,419.4589,419.4589
264,20050801,6,SO43886,3,1,2,183.9382,367.8764
338,20050801,6,SO43886,4,1,1,419.4589,419.4589
317,20050801,6,SO43886,5,1,2,874.794,1749.588
220,20050801,6,SO43886,6,1,3,20.1865,60.5595
223,20050801,6,SO43886,7,1,6,5.1865,31.119
215,20050801,6,SO43886,8,1,1,20.1865,20.1865
319,20050801,6,SO43886,9,1,2,874.794,1749.588
342,20050801,6,SO43886,10,1,2,419.4589,838.9178
322,20050801,6,SO43886,11,1,5,419.4589,2097.2945
276,20050801,6,SO43886,12,1,1,356.898,356.898
235,20050801,6,SO43886,13,1,1,28.8404,28.8404
272,20050801,6,SO43886,14,1,1,183.9382,183.9382
316,20050801,6,SO43886,15,1,1,874.794,874.794
253,20050801,6,SO43886,16,1,1,178.5808,178.5808
229,20050801,6,SO43886,17,1,5,28.8404,144.202
334,20050801,6,SO43886,18,1,1,419.4589,419.4589
326,20050801,6,SO43886,19,1,3,419.4589,1258.3767
314,20050801,6,SO43886,20,1,2,2146.962,4293.924
232,20050801,6,SO43886,21,1,4,28.8404,115.3616
332,20050801,5,SO43887,1,1,1,419.4589,419.4589
330,20050801,6,SO43888,1,1,1,419.4589,419.4589
316,20050801,6,SO43888,2,1,1,874.794,874.794
285,20050801,6,SO43888,3,1,2,178.5808,357.1616
262,20050801,6,SO43888,4,1,1,183.9382,183.9382
338,20050801,6,SO43888,5,1,1,419.4589,419.4589
322,20050801,6,SO43888,6,1,2,419.4589,838.9178
314,20050801,6,SO43888,7,1,1,2146.962,2146.962
317,20050801,6,SO43888,8,1,2,874.794,1749.588
315,20050801,6,SO43888,9,1,5,874.794,4373.97
342,20050801,6,SO43888,10,1,2,419.4589,838.9178
272,20050801,6,SO43888,11,1,2,183.9382,367.8764
328,20050801,6,SO43888,12,1,2,419.4589,838.9178
332,20050801,6,SO43888,13,1,2,419.4589,838.9178
264,20050801,6,SO43888,14,1,1,183.9382,183.9382
351,20050801,6,SO43889,1,1,1,2024.994,2024.994
235,20050801,6,SO43889,2,1,2,28.8404,57.6808
344,20050801,6,SO43890,1,1,5,2039.994,10199.97
350,20050801,6,SO43890,2,1,2,2024.994,4049.988
346,20050801,6,SO43890,3,1,7,2039.994,14279.958
347,20050801,6,SO43890,4,1,2,2039.994,4079.988
293,20050801,6,SO43890,5,1,3,722.5949,2167.7847
345,20050801,6,SO43890,6,1,5,2039.994,10199.97
349,20050801,6,SO43890,7,1,2,2024.994,4049.988
307,20050801,6,SO43890,8,1,1,722.5949,722.5949
304,20050801,6,SO43890,9,1,1,714.7043,714.7043
348,20050801,6,SO43890,10,1,8,2024.994,16199.952
218,20050801,6,SO43890,11,1,4,5.7,22.8
351,20050801,6,SO43890,12,1,3,2024.994,6074.982
300,20050801,6,SO43890,13,1,3,809.76,2429.28
348,20050801,6,SO43891,1,1,2,2024.994,4049.988
219,20050801,6,SO43891,2,1,2,5.7,11.4
351,20050801,6,SO43891,3,1,1,2024.994,2024.994
346,20050801,6,SO43891,4,1,3,2039.994,6119.982
344,20050801,6,SO43891,5,1,3,2039.994,6119.982
218,20050801,6,SO43891,6,1,4,5.7,22.8
349,20050801,6,SO43891,7,1,2,2024.994,4049.988
345,20050801,6,SO43891,8,1,3,2039.994,6119.982
350,20050801,6,SO43891,9,1,2,2024.994,4049.988
326,20050801,4,SO43892,1,1,2,419.4589,838.9178
232,20050801,4,SO43892,2,1,3,28.8404,86.5212
314,20050801,4,SO43892,3,1,2,2146.962,4293.924
223,20050801,4,SO43892,4,1,3,5.1865,15.5595
328,20050801,4,SO43892,5,1,2,419.4589,838.9178
322,20050801,4,SO43892,6,1,5,419.4589,2097.2945
270,20050801,4,SO43892,7,1,1,183.9382,183.9382
220,20050801,4,SO43892,8,1,2,20.1865,40.373
315,20050801,4,SO43892,9,1,2,874.794,1749.588
342,20050801,4,SO43892,10,1,3,419.4589,1258.3767
324,20050801,4,SO43892,11,1,4,419.4589,1677.8356
319,20050801,4,SO43892,12,1,3,874.794,2624.382
332,20050801,4,SO43892,13,1,2,419.4589,838.9178
342,20050801,6,SO43893,1,1,1,419.4589,419.4589
219,20050801,1,SO43894,1,1,3,5.7,17.1
350,20050801,1,SO43894,2,1,2,2024.994,4049.988
348,20050801,1,SO43894,3,1,3,2024.994,6074.982
349,20050801,1,SO43894,4,1,4,2024.994,8099.976
218,20050801,1,SO43894,5,1,8,5.7,45.6
351,20050801,1,SO43894,6,1,5,2024.994,10124.97
344,20050801,1,SO43894,7,1,2,2039.994,4079.988
223,20050801,1,SO43895,1,1,6,5.1865,31.119
220,20050801,1,SO43895,2,1,2,20.1865,40.373
307,20050801,1,SO43895,3,1,2,722.5949,1445.1898
229,20050801,1,SO43895,4,1,2,28.8404,57.6808
235,20050801,1,SO43895,5,1,4,28.8404,115.3616
304,20050801,1,SO43895,6,1,1,714.7043,714.7043
296,20050801,1,SO43895,7,1,1,714.7043,714.7043
344,20050801,1,SO43895,8,1,2,2039.994,4079.988
351,20050801,1,SO43895,9,1,4,2024.994,8099.976
300,20050801,1,SO43895,10,1,1,809.76,809.76
348,20050801,1,SO43895,11,1,2,2024.994,4049.988
345,20050801,1,SO43895,12,1,2,2039.994,4079.988
349,20050801,1,SO43895,13,1,4,2024.994,8099.976
212,20050801,1,SO43895,14,1,3,20.1865,60.5595
215,20050801,1,SO43895,15,1,3,20.1865,60.5595
319,20050801,4,SO43896,1,1,1,874.794,874.794
342,20050801,4,SO43896,2,1,1,419.4589,419.4589
322,20050801,4,SO43896,3,1,3,419.4589,1258.3767
326,20050801,4,SO43896,4,1,4,419.4589,1677.8356
232,20050801,4,SO43896,5,1,4,28.8404,115.3616
235,20050801,4,SO43897,1,1,2,28.8404,57.6808
345,20050801,4,SO43897,2,1,5,2039.994,10199.97
351,20050801,4,SO43897,3,1,2,2024.994,4049.988
350,20050801,4,SO43897,4,1,4,2024.994,8099.976
348,20050801,4,SO43897,5,1,2,2024.994,4049.988
218,20050801,4,SO43897,6,1,10,5.7,57
232,20050801,4,SO43897,7,1,2,28.8404,57.6808
212,20050801,4,SO43897,8,1,4,20.1865,80.746
344,20050801,4,SO43897,9,1,6,2039.994,12239.964
349,20050801,4,SO43897,10,1,5,2024.994,10124.97
215,20050801,4,SO43897,11,1,4,20.1865,80.746
220,20050801,4,SO43897,12,1,4,20.1865,80.746
347,20050801,4,SO43897,13,1,1,2039.994,2039.994
223,20050801,4,SO43897,14,1,3,5.1865,15.5595
342,20050801,6,SO43898,1,1,13,405.477,5271.201
338,20050801,6,SO43898,2,1,3,419.4589,1258.3767
316,20050801,6,SO43898,3,1,4,874.794,3499.176
235,20050801,6,SO43898,4,1,2,28.8404,57.6808
223,20050801,6,SO43898,5,1,7,5.1865,36.3055
315,20050801,6,SO43898,6,1,1,874.794,874.794
212,20050801,6,SO43898,7,1,5,20.1865,100.9325
262,20050801,6,SO43898,8,1,2,183.9382,367.8764
220,20050801,6,SO43898,9,1,6,20.1865,121.119
314,20050801,6,SO43898,10,1,3,2146.962,6440.886
215,20050801,6,SO43898,11,1,8,20.1865,161.492
322,20050801,6,SO43898,12,1,3,419.4589,1258.3767
232,20050801,6,SO43898,13,1,11,27.879,306.669
330,20050801,6,SO43898,14,1,2,419.4589,838.9178
270,20050801,6,SO43898,15,1,4,183.9382,735.7528
275,20050801,6,SO43898,16,1,3,356.898,1070.694
317,20050801,6,SO43898,17,1,2,874.794,1749.588
319,20050801,6,SO43898,18,1,10,874.794,8747.94
229,20050801,6,SO43898,19,1,3,28.8404,86.5212
332,20050801,6,SO43898,20,1,8,419.4589,3355.6712
285,20050801,6,SO43898,21,1,2,178.5808,357.1616
264,20050801,6,SO43898,22,1,2,183.9382,367.8764
326,20050801,6,SO43898,23,1,7,419.4589,2936.2123
324,20050801,6,SO43898,24,1,5,419.4589,2097.2945
253,20050801,6,SO43898,25,1,5,178.5808,892.904
310,20050801,6,SO43898,26,1,2,2146.962,4293.924
328,20050801,6,SO43898,27,1,6,419.4589,2516.7534
334,20050801,6,SO43898,28,1,3,419.4589,1258.3767
235,20050801,3,SO43899,1,1,2,28.8404,57.6808
324,20050801,3,SO43899,2,1,1,419.4589,419.4589
332,20050801,3,SO43899,3,1,2,419.4589,838.9178
285,20050801,3,SO43899,4,1,2,178.5808,357.1616
322,20050801,3,SO43899,5,1,1,419.4589,419.4589
316,20050801,3,SO43899,6,1,2,874.794,1749.588
314,20050801,3,SO43899,7,1,1,2146.962,2146.962
275,20050801,3,SO43899,8,1,1,356.898,356.898
319,20050801,3,SO43899,9,1,2,874.794,1749.588
342,20050801,3,SO43899,10,1,2,419.4589,838.9178
326,20050801,3,SO43899,11,1,1,419.4589,419.4589
328,20050801,3,SO43899,12,1,2,419.4589,838.9178
315,20050801,3,SO43899,13,1,2,874.794,1749.588
344,20050801,5,SO43900,1,1,4,2039.994,8159.976
219,20050801,5,SO43900,2,1,4,5.7,22.8
345,20050801,5,SO43900,3,1,2,2039.994,4079.988
349,20050801,5,SO43900,4,1,2,2024.994,4049.988
218,20050801,5,SO43900,5,1,8,5.7,45.6
350,20050801,5,SO43900,6,1,1,2024.994,2024.994
346,20050801,5,SO43900,7,1,3,2039.994,6119.982
351,20050801,5,SO43900,8,1,2,2024.994,4049.988
348,20050801,5,SO43900,9,1,3,2024.994,6074.982
345,20050801,4,SO43901,1,1,3,2039.994,6119.982
346,20050801,4,SO43901,2,1,3,2039.994,6119.982
220,20050801,4,SO43901,3,1,1,20.1865,20.1865
344,20050801,4,SO43901,4,1,2,2039.994,4079.988
349,20050801,4,SO43901,5,1,1,2024.994,2024.994
218,20050801,4,SO43901,6,1,5,5.7,28.5
232,20050801,4,SO43901,7,1,6,28.8404,173.0424
215,20050801,4,SO43901,8,1,3,20.1865,60.5595
212,20050801,4,SO43901,9,1,2,20.1865,40.373
348,20050801,4,SO43901,10,1,2,2024.994,4049.988
229,20050801,5,SO43902,1,1,1,28.8404,28.8404
351,20050801,5,SO43902,2,1,2,2024.994,4049.988
347,20050801,5,SO43902,3,1,3,2039.994,6119.982
292,20050801,5,SO43902,4,1,1,818.7,818.7
307,20050801,5,SO43902,5,1,5,722.5949,3612.9745
232,20050801,5,SO43902,6,1,6,28.8404,173.0424
344,20050801,5,SO43902,7,1,3,2039.994,6119.982
346,20050801,5,SO43902,8,1,2,2039.994,4079.988
350,20050801,5,SO43902,9,1,6,2024.994,12149.964
349,20050801,5,SO43902,10,1,2,2024.994,4049.988
348,20050801,5,SO43902,11,1,3,2024.994,6074.982
220,20050801,5,SO43902,12,1,2,20.1865,40.373
304,20050801,5,SO43902,13,1,1,714.7043,714.7043
296,20050801,5,SO43902,14,1,1,714.7043,714.7043
223,20050801,5,SO43902,15,1,2,5.1865,10.373
300,20050801,5,SO43902,16,1,4,809.76,3239.04
235,20050801,5,SO43902,17,1,1,28.8404,28.8404
215,20050801,5,SO43902,18,1,1,20.1865,20.1865
218,20050801,5,SO43902,19,1,6,5.7,34.2
293,20050801,5,SO43902,20,1,1,722.5949,722.5949
212,20050801,5,SO43903,1,1,1,20.1865,20.1865
317,20050801,4,SO43904,1,1,1,874.794,874.794
262,20050801,4,SO43904,2,1,2,183.9382,367.8764
275,20050801,4,SO43904,3,1,1,356.898,356.898
328,20050801,4,SO43904,4,1,4,419.4589,1677.8356
322,20050801,4,SO43904,5,1,1,419.4589,419.4589
316,20050801,4,SO43904,6,1,1,874.794,874.794
314,20050801,4,SO43904,7,1,2,2146.962,4293.924
324,20050801,4,SO43904,8,1,2,419.4589,838.9178
270,20050801,4,SO43904,9,1,1,183.9382,183.9382
285,20050801,4,SO43904,10,1,1,178.5808,178.5808
326,20050801,4,SO43904,11,1,1,419.4589,419.4589
319,20050801,4,SO43904,12,1,1,874.794,874.794
342,20050801,5,SO43905,1,1,5,419.4589,2097.2945
262,20050801,5,SO43905,2,1,2,183.9382,367.8764
314,20050801,5,SO43905,3,1,1,2146.962,2146.962
328,20050801,5,SO43905,4,1,1,419.4589,419.4589
332,20050801,5,SO43905,5,1,1,419.4589,419.4589
285,20050801,5,SO43905,6,1,1,178.5808,178.5808
326,20050801,5,SO43905,7,1,1,419.4589,419.4589
319,20050801,5,SO43905,8,1,2,874.794,1749.588
270,20050801,5,SO43905,9,1,2,183.9382,367.8764
316,20050801,5,SO43905,10,1,1,874.794,874.794
324,20050801,5,SO43905,11,1,2,419.4589,838.9178
348,20050801,4,SO43906,1,1,5,2024.994,10124.97
350,20050801,4,SO43906,2,1,2,2024.994,4049.988
218,20050801,4,SO43906,3,1,26,4.75,123.5
351,20050801,4,SO43906,4,1,1,2024.994,2024.994
232,20050801,4,SO43906,5,1,5,28.8404,144.202
229,20050801,4,SO43906,6,1,3,28.8404,86.5212
223,20050801,4,SO43906,7,1,7,5.1865,36.3055
345,20050801,4,SO43906,8,1,1,2039.994,2039.994
347,20050801,4,SO43906,9,1,3,2039.994,6119.982
346,20050801,4,SO43906,10,1,1,2039.994,2039.994
349,20050801,4,SO43906,11,1,3,2024.994,6074.982
215,20050801,4,SO43906,12,1,1,20.1865,20.1865
220,20050801,4,SO43906,13,1,2,20.1865,40.373
235,20050801,4,SO43906,14,1,2,28.8404,57.6808
232,20050801,2,SO43907,1,1,2,28.8404,57.6808
330,20050801,2,SO43907,2,1,2,419.4589,838.9178
272,20050801,2,SO43907,3,1,2,183.9382,367.8764
253,20050801,2,SO43907,4,1,2,178.5808,357.1616
332,20050801,2,SO43907,5,1,1,419.4589,419.4589
229,20050801,2,SO43907,6,1,1,28.8404,28.8404
314,20050801,2,SO43907,7,1,1,2146.962,2146.962
326,20050801,2,SO43907,8,1,5,419.4589,2097.2945
212,20050801,2,SO43907,9,1,2,20.1865,40.373
324,20050801,2,SO43907,10,1,4,419.4589,1677.8356
215,20050801,2,SO43907,11,1,1,20.1865,20.1865
322,20050801,2,SO43907,12,1,3,419.4589,1258.3767
270,20050801,2,SO43907,13,1,1,183.9382,183.9382
220,20050801,2,SO43907,14,1,1,20.1865,20.1865
328,20050801,2,SO43907,15,1,4,419.4589,1677.8356
285,20050801,2,SO43907,16,1,1,178.5808,178.5808
264,20050801,2,SO43907,17,1,1,183.9382,183.9382
342,20050801,2,SO43907,18,1,3,419.4589,1258.3767
317,20050801,2,SO43907,19,1,1,874.794,874.794
316,20050801,2,SO43907,20,1,1,874.794,874.794
235,20050801,2,SO43907,21,1,3,28.8404,86.5212
223,20050801,2,SO43907,22,1,2,5.1865,10.373
276,20050801,2,SO43908,1,1,1,356.898,356.898
310,20050801,2,SO43908,2,1,1,2146.962,2146.962
232,20050801,2,SO43908,3,1,2,28.8404,57.6808
350,20050801,1,SO43909,1,1,2,2024.994,4049.988
349,20050801,1,SO43909,2,1,3,2024.994,6074.982
296,20050801,1,SO43909,3,1,3,714.7043,2144.1129
292,20050801,1,SO43909,4,1,1,818.7,818.7
347,20050801,1,SO43909,5,1,2,2039.994,4079.988
351,20050801,1,SO43909,6,1,3,2024.994,6074.982
304,20050801,1,SO43909,7,1,2,714.7043,1429.4086
300,20050801,1,SO43909,8,1,1,809.76,809.76
218,20050801,1,SO43909,9,1,2,5.7,11.4
326,20050801,5,SO43910,1,1,2,419.4589,838.9178
322,20050801,5,SO43910,2,1,4,419.4589,1677.8356
319,20050801,5,SO43910,3,1,4,874.794,3499.176
330,20050801,5,SO43910,4,1,2,419.4589,838.9178
310,20050801,5,SO43910,5,1,2,2146.962,4293.924
317,20050801,5,SO43910,6,1,1,874.794,874.794
276,20050801,5,SO43910,7,1,1,356.898,356.898
285,20050801,5,SO43910,8,1,1,178.5808,178.5808
342,20050801,5,SO43910,9,1,3,419.4589,1258.3767
334,20050801,5,SO43910,10,1,1,419.4589,419.4589
338,20050801,5,SO43910,11,1,1,419.4589,419.4589
324,20050801,5,SO43910,12,1,5,419.4589,2097.2945
275,20050801,5,SO43910,13,1,1,356.898,356.898
262,20050801,5,SO43910,14,1,1,183.9382,183.9382
264,20050801,5,SO43910,15,1,2,183.9382,367.8764
315,20050801,5,SO43910,16,1,2,874.794,1749.588
322,20050801,1,SO43911,1,1,7,419.4589,2936.2123
319,20050801,1,SO43911,2,1,3,874.794,2624.382
285,20050801,1,SO43911,3,1,4,178.5808,714.3232
315,20050801,1,SO43911,4,1,3,874.794,2624.382
262,20050801,1,SO43911,5,1,2,183.9382,367.8764
232,20050801,1,SO43911,6,1,2,28.8404,57.6808
326,20050801,1,SO43911,7,1,4,419.4589,1677.8356
223,20050801,1,SO43911,8,1,2,5.1865,10.373
328,20050801,1,SO43911,9,1,3,419.4589,1258.3767
324,20050801,1,SO43911,10,1,3,419.4589,1258.3767
220,20050801,1,SO43911,11,1,5,20.1865,100.9325
314,20050801,1,SO43911,12,1,2,2146.962,4293.924
332,20050801,1,SO43911,13,1,1,419.4589,419.4589
342,20050801,1,SO43911,14,1,2,419.4589,838.9178
270,20050801,1,SO43911,15,1,3,183.9382,551.8146
317,20050801,4,SO43912,1,1,1,874.794,874.794
275,20050801,4,SO43912,2,1,4,356.898,1427.592
229,20050801,4,SO43912,3,1,2,28.8404,57.6808
322,20050801,4,SO43912,4,1,1,419.4589,419.4589
235,20050801,4,SO43912,5,1,3,28.8404,86.5212
324,20050801,4,SO43912,6,1,5,419.4589,2097.2945
262,20050801,4,SO43912,7,1,2,183.9382,367.8764
316,20050801,4,SO43912,8,1,1,874.794,874.794
332,20050801,4,SO43912,9,1,2,419.4589,838.9178
270,20050801,4,SO43912,10,1,1,183.9382,183.9382
212,20050801,4,SO43912,11,1,2,20.1865,40.373
342,20050801,4,SO43912,12,1,2,419.4589,838.9178
314,20050801,4,SO43912,13,1,1,2146.962,2146.962
215,20050801,4,SO43912,14,1,1,20.1865,20.1865
285,20050801,4,SO43912,15,1,1,178.5808,178.5808
315,20050801,4,SO43912,16,1,3,874.794,2624.382
349,20050801,4,SO43913,1,1,4,2024.994,8099.976
344,20050801,4,SO43913,2,1,2,2039.994,4079.988
232,20050801,4,SO43913,3,1,1,28.8404,28.8404
345,20050801,4,SO43913,4,1,1,2039.994,2039.994
351,20050801,4,SO43913,5,1,2,2024.994,4049.988
215,20050801,4,SO43913,6,1,1,20.1865,20.1865
350,20050801,4,SO43913,7,1,5,2024.994,10124.97
348,20050801,4,SO43913,8,1,4,2024.994,8099.976
223,20050801,4,SO43913,9,1,2,5.1865,10.373
212,20050801,4,SO43913,10,1,5,20.1865,100.9325
218,20050801,4,SO43913,11,1,5,5.7,28.5
220,20050801,4,SO43913,12,1,2,20.1865,40.373
351,20050801,1,SO43914,1,1,1,2024.994,2024.994
218,20050801,1,SO43914,2,1,4,5.7,22.8
346,20050801,1,SO43914,3,1,1,2039.994,2039.994
349,20050801,1,SO43914,4,1,1,2024.994,2024.994
344,20050801,1,SO43914,5,1,1,2039.994,2039.994
351,20050801,3,SO43915,1,1,2,2024.994,4049.988
348,20050801,3,SO43916,1,1,5,2024.994,10124.97
229,20050801,3,SO43916,2,1,3,28.8404,86.5212
349,20050801,3,SO43916,3,1,6,2024.994,12149.964
215,20050801,3,SO43916,4,1,2,20.1865,40.373
235,20050801,3,SO43916,5,1,2,28.8404,57.6808
347,20050801,3,SO43916,6,1,3,2039.994,6119.982
300,20050801,3,SO43916,7,1,1,809.76,809.76
220,20050801,3,SO43916,8,1,2,20.1865,40.373
223,20050801,3,SO43916,9,1,2,5.1865,10.373
346,20050801,3,SO43916,10,1,2,2039.994,4079.988
212,20050801,3,SO43916,11,1,2,20.1865,40.373
292,20050801,3,SO43916,12,1,2,818.7,1637.4
345,20050801,3,SO43916,13,1,2,2039.994,4079.988
232,20050801,3,SO43916,14,1,6,28.8404,173.0424
332,20050801,1,SO43917,1,1,3,419.4589,1258.3767
328,20050801,1,SO43917,2,1,3,419.4589,1258.3767
314,20050801,1,SO43917,3,1,2,2146.962,4293.924
285,20050801,1,SO43917,4,1,2,178.5808,357.1616
270,20050801,1,SO43917,5,1,3,183.9382,551.8146
220,20050801,1,SO43917,6,1,3,20.1865,60.5595
223,20050801,1,SO43917,7,1,4,5.1865,20.746
315,20050801,1,SO43917,8,1,5,874.794,4373.97
324,20050801,1,SO43917,9,1,1,419.4589,419.4589
326,20050801,1,SO43917,10,1,3,419.4589,1258.3767
319,20050801,1,SO43917,11,1,7,874.794,6123.558
232,20050801,1,SO43917,12,1,6,28.8404,173.0424
262,20050801,1,SO43917,13,1,2,183.9382,367.8764
342,20050801,1,SO43917,14,1,2,419.4589,838.9178
326,20050901,2,SO44074,1,1,1,419.4589,419.4589
223,20050901,2,SO44074,2,1,1,5.1865,5.1865
342,20050901,2,SO44074,3,1,1,419.4589,419.4589
346,20050901,1,SO44075,1,1,1,2039.994,2039.994
344,20050901,1,SO44075,2,1,4,2039.994,8159.976
350,20050901,1,SO44075,3,1,1,2024.994,2024.994
351,20050901,1,SO44075,4,1,2,2024.994,4049.988
218,20050901,1,SO44075,5,1,2,5.7,11.4
219,20050901,1,SO44075,6,1,1,5.7,5.7
348,20050901,1,SO44075,7,1,2,2024.994,4049.988
345,20050901,1,SO44075,8,1,2,2039.994,4079.988
349,20050901,1,SO44075,9,1,1,2024.994,2024.994
344,20050901,3,SO44076,1,1,1,2039.994,2039.994
345,20050901,3,SO44076,2,1,1,2039.994,2039.994
319,20050901,6,SO44077,1,1,1,874.794,874.794
342,20050901,6,SO44077,2,1,2,419.4589,838.9178
232,20050901,6,SO44077,3,1,1,28.8404,28.8404
215,20050901,6,SO44077,4,1,2,20.1865,40.373
322,20050901,6,SO44077,5,1,2,419.4589,838.9178
315,20050901,6,SO44077,6,1,3,874.794,2624.382
326,20050901,6,SO44077,7,1,2,419.4589,838.9178
212,20050901,6,SO44077,8,1,1,20.1865,20.1865
293,20050901,1,SO44078,1,1,1,722.5949,722.5949
296,20050901,1,SO44078,2,1,2,714.7043,1429.4086
304,20050901,1,SO44078,3,1,1,714.7043,714.7043
350,20050901,1,SO44078,4,1,3,2024.994,6074.982
345,20050901,1,SO44078,5,1,2,2039.994,4079.988
351,20050901,1,SO44078,6,1,5,2024.994,10124.97
292,20050901,1,SO44078,7,1,1,818.7,818.7
344,20050901,1,SO44078,8,1,2,2039.994,4079.988
315,20050901,3,SO44079,1,1,2,874.794,1749.588
317,20050901,3,SO44079,2,1,2,874.794,1749.588
342,20050901,3,SO44079,3,1,2,419.4589,838.9178
338,20050901,3,SO44079,4,1,2,419.4589,838.9178
212,20050901,3,SO44079,5,1,4,20.1865,80.746
270,20050901,3,SO44079,6,1,3,183.9382,551.8146
316,20050901,3,SO44079,7,1,3,874.794,2624.382
328,20050901,3,SO44079,8,1,4,419.4589,1677.8356
215,20050901,3,SO44079,9,1,2,20.1865,40.373
324,20050901,3,SO44079,10,1,4,419.4589,1677.8356
314,20050901,3,SO44079,11,1,2,2146.962,4293.924
275,20050901,3,SO44079,12,1,1,356.898,356.898
229,20050901,3,SO44079,13,1,5,28.8404,144.202
223,20050901,3,SO44079,14,1,4,5.1865,20.746
262,20050901,3,SO44079,15,1,1,183.9382,183.9382
332,20050901,3,SO44079,16,1,4,419.4589,1677.8356
253,20050901,3,SO44079,17,1,1,178.5808,178.5808
235,20050901,3,SO44079,18,1,2,28.8404,57.6808
285,20050901,3,SO44079,19,1,1,178.5808,178.5808
326,20050901,3,SO44079,20,1,5,419.4589,2097.2945
272,20050901,3,SO44079,21,1,1,183.9382,183.9382
264,20050901,3,SO44079,22,1,3,183.9382,551.8146
220,20050901,3,SO44079,23,1,3,20.1865,60.5595
322,20050901,3,SO44079,24,1,5,419.4589,2097.2945
232,20050901,3,SO44079,25,1,4,28.8404,115.3616
334,20050901,3,SO44079,26,1,2,419.4589,838.9178
330,20050901,3,SO44079,27,1,2,419.4589,838.9178
218,20050901,4,SO44080,1,1,2,5.7,11.4
307,20050901,6,SO44081,1,1,1,722.5949,722.5949
232,20050901,6,SO44081,2,1,2,28.8404,57.6808
348,20050901,6,SO44081,3,1,5,2024.994,10124.97
215,20050901,6,SO44081,4,1,4,20.1865,80.746
296,20050901,6,SO44081,5,1,1,714.7043,714.7043
235,20050901,6,SO44081,6,1,1,28.8404,28.8404
218,20050901,6,SO44081,7,1,2,5.7,11.4
229,20050901,6,SO44081,8,1,2,28.8404,57.6808
292,20050901,6,SO44081,9,1,2,818.7,1637.4
345,20050901,6,SO44081,10,1,2,2039.994,4079.988
223,20050901,6,SO44081,11,1,3,5.1865,15.5595
349,20050901,6,SO44081,12,1,3,2024.994,6074.982
350,20050901,6,SO44081,13,1,2,2024.994,4049.988
347,20050901,6,SO44081,14,1,4,2039.994,8159.976
300,20050901,6,SO44081,15,1,2,809.76,1619.52
212,20050901,6,SO44081,16,1,5,20.1865,100.9325
345,20050901,6,SO44082,1,1,1,2039.994,2039.994
319,20050901,6,SO44083,1,1,1,874.794,874.794
232,20050901,6,SO44083,2,1,2,28.8404,57.6808
223,20050901,6,SO44083,3,1,2,5.1865,10.373
342,20050901,6,SO44083,4,1,1,419.4589,419.4589
351,20050901,6,SO44084,1,1,2,2024.994,4049.988
345,20050901,6,SO44084,2,1,2,2039.994,4079.988
326,20050901,6,SO44085,1,1,1,419.4589,419.4589
315,20050901,6,SO44085,2,1,3,874.794,2624.382
235,20050901,6,SO44085,3,1,2,28.8404,57.6808
324,20050901,6,SO44085,4,1,2,419.4589,838.9178
223,20050901,6,SO44085,5,1,2,5.1865,10.373
262,20050901,6,SO44085,6,1,2,183.9382,367.8764
215,20050901,6,SO44085,7,1,3,20.1865,60.5595
314,20050901,6,SO44085,8,1,4,2146.962,8587.848
270,20050901,6,SO44085,9,1,3,183.9382,551.8146
328,20050901,6,SO44085,10,1,3,419.4589,1258.3767
285,20050901,6,SO44085,11,1,1,178.5808,178.5808
275,20050901,6,SO44085,12,1,1,356.898,356.898
232,20050901,6,SO44085,13,1,1,28.8404,28.8404
322,20050901,6,SO44085,14,1,3,419.4589,1258.3767
334,20050901,6,SO44085,15,1,1,419.4589,419.4589
220,20050901,6,SO44085,16,1,4,20.1865,80.746
319,20050901,6,SO44085,17,1,1,874.794,874.794
212,20050901,6,SO44085,18,1,4,20.1865,80.746
338,20050901,6,SO44085,19,1,1,419.4589,419.4589
342,20050901,6,SO44085,20,1,1,419.4589,419.4589
316,20050901,6,SO44085,21,1,2,874.794,1749.588
344,20050901,6,SO44086,1,1,3,2039.994,6119.982
292,20050901,6,SO44086,2,1,1,818.7,818.7
218,20050901,6,SO44086,3,1,10,5.7,57
346,20050901,6,SO44086,4,1,4,2039.994,8159.976
348,20050901,6,SO44086,5,1,4,2024.994,8099.976
349,20050901,6,SO44086,6,1,5,2024.994,10124.97
345,20050901,6,SO44086,7,1,4,2039.994,8159.976
215,20050901,6,SO44086,8,1,4,20.1865,80.746
347,20050901,6,SO44086,9,1,5,2039.994,10199.97
229,20050901,6,SO44086,10,1,3,28.8404,86.5212
296,20050901,6,SO44086,11,1,5,714.7043,3573.5215
351,20050901,6,SO44086,12,1,4,2024.994,8099.976
307,20050901,6,SO44086,13,1,3,722.5949,2167.7847
232,20050901,6,SO44086,14,1,4,28.8404,115.3616
223,20050901,6,SO44086,15,1,10,5.1865,51.865
212,20050901,6,SO44086,16,1,5,20.1865,100.9325
304,20050901,6,SO44086,17,1,4,714.7043,2858.8172
220,20050901,6,SO44086,18,1,10,20.1865,201.865
235,20050901,6,SO44086,19,1,3,28.8404,86.5212
300,20050901,6,SO44086,20,1,3,809.76,2429.28
293,20050901,6,SO44086,21,1,3,722.5949,2167.7847
310,20050901,4,SO44087,1,1,2,2146.962,4293.924
276,20050901,4,SO44087,2,1,2,356.898,713.796
330,20050901,4,SO44088,1,1,1,419.4589,419.4589
342,20050901,4,SO44089,1,1,2,419.4589,838.9178
326,20050901,4,SO44089,2,1,2,419.4589,838.9178
322,20050901,4,SO44089,3,1,1,419.4589,419.4589
324,20050901,4,SO44090,1,1,1,419.4589,419.4589
229,20050901,4,SO44090,2,1,3,28.8404,86.5212
232,20050901,4,SO44090,3,1,7,28.8404,201.8828
319,20050901,4,SO44090,4,1,2,874.794,1749.588
220,20050901,4,SO44090,5,1,2,20.1865,40.373
215,20050901,4,SO44090,6,1,2,20.1865,40.373
235,20050901,4,SO44090,7,1,3,28.8404,86.5212
270,20050901,4,SO44090,8,1,1,183.9382,183.9382
212,20050901,4,SO44090,9,1,2,20.1865,40.373
262,20050901,4,SO44090,10,1,2,183.9382,367.8764
223,20050901,4,SO44090,11,1,2,5.1865,10.373
315,20050901,4,SO44090,12,1,2,874.794,1749.588
326,20050901,4,SO44090,13,1,4,419.4589,1677.8356
275,20050901,4,SO44091,1,1,2,356.898,713.796
235,20050901,4,SO44091,2,1,2,28.8404,57.6808
220,20050901,4,SO44091,3,1,1,20.1865,20.1865
317,20050901,4,SO44091,4,1,2,874.794,1749.588
316,20050901,4,SO44091,5,1,2,874.794,1749.588
212,20050901,4,SO44091,6,1,5,20.1865,100.9325
215,20050901,4,SO44091,7,1,5,20.1865,100.9325
342,20050901,4,SO44092,1,1,1,419.4589,419.4589
332,20050901,4,SO44092,2,1,1,419.4589,419.4589
285,20050901,4,SO44092,3,1,4,178.5808,714.3232
326,20050901,4,SO44092,4,1,2,419.4589,838.9178
322,20050901,4,SO44092,5,1,1,419.4589,419.4589
262,20050901,4,SO44092,6,1,2,183.9382,367.8764
223,20050901,4,SO44092,7,1,4,5.1865,20.746
319,20050901,4,SO44092,8,1,1,874.794,874.794
315,20050901,4,SO44093,1,1,2,874.794,1749.588
272,20050901,4,SO44093,2,1,1,183.9382,183.9382
317,20050901,4,SO44093,3,1,1,874.794,874.794
316,20050901,4,SO44093,4,1,1,874.794,874.794
326,20050901,4,SO44093,5,1,2,419.4589,838.9178
328,20050901,4,SO44093,6,1,2,419.4589,838.9178
215,20050901,4,SO44093,7,1,2,20.1865,40.373
264,20050901,4,SO44093,8,1,2,183.9382,367.8764
220,20050901,4,SO44093,9,1,1,20.1865,20.1865
338,20050901,4,SO44093,10,1,1,419.4589,419.4589
223,20050901,4,SO44093,11,1,6,5.1865,31.119
342,20050901,4,SO44093,12,1,3,419.4589,1258.3767
322,20050901,4,SO44093,13,1,2,419.4589,838.9178
232,20050901,4,SO44093,14,1,6,28.8404,173.0424
319,20050901,4,SO44093,15,1,2,874.794,1749.588
285,20050901,4,SO44093,16,1,1,178.5808,178.5808
212,20050901,4,SO44093,17,1,2,20.1865,40.373
229,20050901,4,SO44093,18,1,3,28.8404,86.5212
235,20050901,4,SO44093,19,1,4,28.8404,115.3616
344,20050901,6,SO44094,1,1,2,2039.994,4079.988
346,20050901,4,SO44095,1,1,5,2039.994,10199.97
345,20050901,4,SO44095,2,1,2,2039.994,4079.988
347,20050901,4,SO44095,3,1,4,2039.994,8159.976
348,20050901,4,SO44095,4,1,3,2024.994,6074.982
350,20050901,4,SO44095,5,1,5,2024.994,10124.97
296,20050901,4,SO44095,6,1,1,714.7043,714.7043
292,20050901,4,SO44095,7,1,1,818.7,818.7
307,20050901,4,SO44095,8,1,1,722.5949,722.5949
293,20050901,4,SO44095,9,1,2,722.5949,1445.1898
350,20050901,3,SO44096,1,1,2,2024.994,4049.988
344,20050901,3,SO44096,2,1,2,2039.994,4079.988
315,20050901,3,SO44097,1,1,1,874.794,874.794
322,20050901,3,SO44097,2,1,1,419.4589,419.4589
326,20050901,3,SO44097,3,1,2,419.4589,838.9178
215,20050901,3,SO44097,4,1,4,20.1865,80.746
232,20050901,3,SO44097,5,1,1,28.8404,28.8404
220,20050901,3,SO44097,6,1,4,20.1865,80.746
324,20050901,3,SO44097,7,1,1,419.4589,419.4589
342,20050901,3,SO44097,8,1,1,419.4589,419.4589
319,20050901,3,SO44097,9,1,2,874.794,1749.588
262,20050901,3,SO44097,10,1,4,183.9382,735.7528
212,20050901,3,SO44097,11,1,1,20.1865,20.1865
270,20050901,3,SO44097,12,1,2,183.9382,367.8764
346,20050901,5,SO44098,1,1,2,2039.994,4079.988
348,20050901,5,SO44098,2,1,1,2024.994,2024.994
345,20050901,5,SO44098,3,1,1,2039.994,2039.994
344,20050901,5,SO44098,4,1,1,2039.994,2039.994
218,20050901,5,SO44098,5,1,22,5.225,114.95
350,20050901,5,SO44098,6,1,3,2024.994,6074.982
235,20050901,4,SO44099,1,1,1,28.8404,28.8404
316,20050901,4,SO44099,2,1,2,874.794,1749.588
317,20050901,4,SO44099,3,1,1,874.794,874.794
332,20050901,4,SO44099,4,1,2,419.4589,838.9178
314,20050901,4,SO44099,5,1,4,2146.962,8587.848
328,20050901,4,SO44099,6,1,1,419.4589,419.4589
218,20050901,1,SO44100,1,1,6,5.7,34.2
351,20050901,1,SO44100,2,1,4,2024.994,8099.976
307,20050901,1,SO44100,3,1,2,722.5949,1445.1898
304,20050901,1,SO44100,4,1,2,714.7043,1429.4086
349,20050901,1,SO44100,5,1,7,2024.994,14174.958
347,20050901,1,SO44100,6,1,3,2039.994,6119.982
296,20050901,1,SO44100,7,1,2,714.7043,1429.4086
300,20050901,1,SO44100,8,1,5,809.76,4048.8
350,20050901,1,SO44100,9,1,11,1957.4942,21532.4362
235,20050901,1,SO44100,10,1,3,28.8404,86.5212
346,20050901,1,SO44100,11,1,1,2039.994,2039.994
215,20050901,1,SO44100,12,1,2,20.1865,40.373
232,20050901,1,SO44100,13,1,6,28.8404,173.0424
229,20050901,1,SO44100,14,1,2,28.8404,57.6808
344,20050901,1,SO44100,15,1,2,2039.994,4079.988
292,20050901,1,SO44100,16,1,3,818.7,2456.1
223,20050901,1,SO44100,17,1,5,5.1865,25.9325
348,20050901,1,SO44100,18,1,4,2024.994,8099.976
220,20050901,1,SO44100,19,1,4,20.1865,80.746
345,20050901,1,SO44100,20,1,3,2039.994,6119.982
212,20050901,1,SO44100,21,1,1,20.1865,20.1865
270,20050901,5,SO44101,1,1,1,183.9382,183.9382
324,20050901,5,SO44101,2,1,2,419.4589,838.9178
310,20050901,5,SO44101,3,1,4,2146.962,8587.848
262,20050901,5,SO44101,4,1,1,183.9382,183.9382
319,20050901,5,SO44102,1,1,2,874.794,1749.588
326,20050901,5,SO44102,2,1,1,419.4589,419.4589
232,20050901,5,SO44102,3,1,3,28.8404,86.5212
342,20050901,5,SO44102,4,1,1,419.4589,419.4589
322,20050901,5,SO44102,5,1,2,419.4589,838.9178
342,20050901,6,SO44103,1,1,4,419.4589,1677.8356
326,20050901,6,SO44103,2,1,3,419.4589,1258.3767
322,20050901,6,SO44103,3,1,2,419.4589,838.9178
232,20050901,6,SO44103,4,1,1,28.8404,28.8404
223,20050901,6,SO44103,5,1,2,5.1865,10.373
346,20050901,6,SO44104,1,1,1,2039.994,2039.994
345,20050901,6,SO44104,2,1,1,2039.994,2039.994
346,20050901,3,SO44105,1,1,1,2039.994,2039.994
219,20050901,3,SO44105,2,1,2,5.7,11.4
348,20050901,3,SO44105,3,1,1,2024.994,2024.994
350,20050901,3,SO44105,4,1,1,2024.994,2024.994
328,20050901,5,SO44106,1,1,1,419.4589,419.4589
342,20050901,4,SO44107,1,1,3,419.4589,1258.3767
332,20050901,4,SO44107,2,1,2,419.4589,838.9178
334,20050901,4,SO44107,3,1,1,419.4589,419.4589
328,20050901,4,SO44107,4,1,4,419.4589,1677.8356
322,20050901,4,SO44107,5,1,5,419.4589,2097.2945
324,20050901,4,SO44107,6,1,1,419.4589,419.4589
317,20050901,4,SO44107,7,1,1,874.794,874.794
319,20050901,4,SO44107,8,1,2,874.794,1749.588
315,20050901,4,SO44107,9,1,3,874.794,2624.382
310,20050901,4,SO44107,10,1,1,2146.962,2146.962
253,20050901,4,SO44107,11,1,2,178.5808,357.1616
264,20050901,4,SO44107,12,1,1,183.9382,183.9382
272,20050901,4,SO44107,13,1,1,183.9382,183.9382
275,20050901,4,SO44107,14,1,2,356.898,713.796
276,20050901,4,SO44107,15,1,1,356.898,356.898
229,20050901,4,SO44107,16,1,1,28.8404,28.8404
232,20050901,4,SO44107,17,1,4,28.8404,115.3616
235,20050901,4,SO44107,18,1,2,28.8404,57.6808
220,20050901,4,SO44107,19,1,1,20.1865,20.1865
212,20050901,4,SO44107,20,1,2,20.1865,40.373
215,20050901,4,SO44107,21,1,1,20.1865,20.1865
322,20050901,4,SO44108,1,1,1,419.4589,419.4589
319,20050901,4,SO44108,2,1,2,874.794,1749.588
332,20050901,1,SO44109,1,1,2,419.4589,838.9178
326,20050901,1,SO44109,2,1,2,419.4589,838.9178
324,20050901,1,SO44109,3,1,1,419.4589,419.4589
342,20050901,1,SO44109,4,1,4,419.4589,1677.8356
285,20050901,1,SO44109,5,1,4,178.5808,714.3232
232,20050901,1,SO44109,6,1,2,28.8404,57.6808
212,20050901,1,SO44109,7,1,4,20.1865,80.746
314,20050901,1,SO44109,8,1,2,2146.962,4293.924
315,20050901,1,SO44109,9,1,2,874.794,1749.588
322,20050901,1,SO44109,10,1,2,419.4589,838.9178
220,20050901,1,SO44109,11,1,1,20.1865,20.1865
319,20050901,1,SO44109,12,1,2,874.794,1749.588
223,20050901,1,SO44109,13,1,1,5.1865,5.1865
262,20050901,1,SO44109,14,1,2,183.9382,367.8764
270,20050901,1,SO44109,15,1,1,183.9382,183.9382
332,20050901,3,SO44110,1,1,2,419.4589,838.9178
270,20050901,3,SO44110,2,1,4,183.9382,735.7528
229,20050901,3,SO44110,3,1,1,28.8404,28.8404
232,20050901,3,SO44110,4,1,5,28.8404,144.202
322,20050901,3,SO44110,5,1,3,419.4589,1258.3767
342,20050901,3,SO44110,6,1,2,419.4589,838.9178
326,20050901,3,SO44110,7,1,5,419.4589,2097.2945
319,20050901,3,SO44110,8,1,1,874.794,874.794
220,20050901,3,SO44110,9,1,1,20.1865,20.1865
235,20050901,3,SO44110,10,1,2,28.8404,57.6808
215,20050901,3,SO44110,11,1,5,20.1865,100.9325
285,20050901,3,SO44110,12,1,1,178.5808,178.5808
328,20050901,3,SO44110,13,1,3,419.4589,1258.3767
338,20050901,3,SO44110,14,1,1,419.4589,419.4589
317,20050901,3,SO44110,15,1,4,874.794,3499.176
315,20050901,3,SO44110,16,1,1,874.794,874.794
334,20050901,3,SO44110,17,1,2,419.4589,838.9178
324,20050901,3,SO44110,18,1,2,419.4589,838.9178
223,20050901,3,SO44110,19,1,3,5.1865,15.5595
262,20050901,3,SO44110,20,1,3,183.9382,551.8146
275,20050901,3,SO44110,21,1,1,356.898,356.898
330,20050901,3,SO44110,22,1,2,419.4589,838.9178
315,20050901,6,SO44111,1,1,1,874.794,874.794
235,20050901,6,SO44111,2,1,2,28.8404,57.6808
326,20050901,6,SO44111,3,1,2,419.4589,838.9178
317,20050901,6,SO44111,4,1,1,874.794,874.794
316,20050901,6,SO44111,5,1,2,874.794,1749.588
275,20050901,6,SO44111,6,1,1,356.898,356.898
215,20050901,6,SO44111,7,1,2,20.1865,40.373
332,20050901,6,SO44111,8,1,2,419.4589,838.9178
334,20050901,6,SO44111,9,1,1,419.4589,419.4589
324,20050901,6,SO44111,10,1,3,419.4589,1258.3767
223,20050901,6,SO44111,11,1,6,5.1865,31.119
285,20050901,6,SO44111,12,1,1,178.5808,178.5808
262,20050901,6,SO44111,13,1,2,183.9382,367.8764
232,20050901,6,SO44111,14,1,2,28.8404,57.6808
212,20050901,6,SO44111,15,1,1,20.1865,20.1865
330,20050901,6,SO44111,16,1,2,419.4589,838.9178
270,20050901,6,SO44111,17,1,1,183.9382,183.9382
319,20050901,6,SO44111,18,1,3,874.794,2624.382
229,20050901,6,SO44111,19,1,1,28.8404,28.8404
344,20050901,6,SO44112,1,1,1,2039.994,2039.994
347,20050901,6,SO44112,2,1,1,2039.994,2039.994
348,20050901,6,SO44112,3,1,8,2024.994,16199.952
349,20050901,6,SO44112,4,1,5,2024.994,10124.97
345,20050901,6,SO44112,5,1,1,2039.994,2039.994
348,20050901,4,SO44113,1,1,4,2024.994,8099.976
218,20050901,4,SO44113,2,1,2,5.7,11.4
212,20050901,4,SO44113,3,1,3,20.1865,60.5595
347,20050901,4,SO44113,4,1,2,2039.994,4079.988
223,20050901,4,SO44113,5,1,2,5.1865,10.373
350,20050901,4,SO44113,6,1,6,2024.994,12149.964
344,20050901,4,SO44113,7,1,2,2039.994,4079.988
220,20050901,4,SO44113,8,1,2,20.1865,40.373
304,20050901,4,SO44113,9,1,2,714.7043,1429.4086
232,20050901,4,SO44113,10,1,8,28.8404,230.7232
296,20050901,4,SO44113,11,1,1,714.7043,714.7043
235,20050901,4,SO44113,12,1,2,28.8404,57.6808
307,20050901,4,SO44113,13,1,1,722.5949,722.5949
351,20050901,4,SO44113,14,1,4,2024.994,8099.976
293,20050901,4,SO44113,15,1,1,722.5949,722.5949
276,20050901,2,SO44114,1,1,1,356.898,356.898
322,20050901,2,SO44114,2,1,3,419.4589,1258.3767
262,20050901,2,SO44114,3,1,3,183.9382,551.8146
275,20050901,2,SO44114,4,1,2,356.898,713.796
326,20050901,2,SO44114,5,1,6,419.4589,2516.7534
317,20050901,2,SO44114,6,1,1,874.794,874.794
285,20050901,2,SO44114,7,1,3,178.5808,535.7424
342,20050901,2,SO44114,8,1,7,419.4589,2936.2123
316,20050901,2,SO44114,9,1,1,874.794,874.794
270,20050901,2,SO44114,10,1,2,183.9382,367.8764
330,20050901,2,SO44114,11,1,1,419.4589,419.4589
223,20050901,2,SO44114,12,1,2,5.1865,10.373
328,20050901,2,SO44114,13,1,2,419.4589,838.9178
338,20050901,2,SO44114,14,1,4,419.4589,1677.8356
314,20050901,2,SO44114,15,1,3,2146.962,6440.886
272,20050901,2,SO44114,16,1,1,183.9382,183.9382
332,20050901,2,SO44114,17,1,2,419.4589,838.9178
334,20050901,2,SO44114,18,1,3,419.4589,1258.3767
324,20050901,2,SO44114,19,1,4,419.4589,1677.8356
319,20050901,2,SO44114,20,1,5,874.794,4373.97
315,20050901,2,SO44114,21,1,3,874.794,2624.382
310,20050901,2,SO44114,22,1,1,2146.962,2146.962
350,20050901,4,SO44115,1,1,2,2024.994,4049.988
304,20050901,4,SO44115,2,1,1,714.7043,714.7043
296,20050901,4,SO44115,3,1,1,714.7043,714.7043
212,20050901,4,SO44115,4,1,3,20.1865,60.5595
215,20050901,4,SO44115,5,1,1,20.1865,20.1865
348,20050901,4,SO44115,6,1,3,2024.994,6074.982
344,20050901,4,SO44115,7,1,2,2039.994,4079.988
235,20050901,4,SO44115,8,1,2,28.8404,57.6808
347,20050901,4,SO44115,9,1,7,2039.994,14279.958
307,20050901,4,SO44115,10,1,1,722.5949,722.5949
351,20050901,4,SO44115,11,1,4,2024.994,8099.976
293,20050901,4,SO44115,12,1,3,722.5949,2167.7847
223,20050901,4,SO44115,13,1,2,5.1865,10.373
346,20050901,4,SO44115,14,1,2,2039.994,4079.988
292,20050901,4,SO44115,15,1,2,818.7,1637.4
220,20050901,4,SO44115,16,1,2,20.1865,40.373
345,20050901,4,SO44115,17,1,9,2039.994,18359.946
300,20050901,4,SO44115,18,1,2,809.76,1619.52
229,20050901,4,SO44115,19,1,2,28.8404,57.6808
218,20050901,5,SO44116,1,1,2,5.7,11.4
345,20050901,5,SO44116,2,1,2,2039.994,4079.988
344,20050901,5,SO44116,3,1,1,2039.994,2039.994
350,20050901,5,SO44116,4,1,3,2024.994,6074.982
351,20050901,5,SO44116,5,1,1,2024.994,2024.994
346,20050901,5,SO44116,6,1,3,2039.994,6119.982
342,20050901,2,SO44117,1,1,1,419.4589,419.4589
315,20050901,2,SO44117,2,1,2,874.794,1749.588
338,20050901,2,SO44117,3,1,1,419.4589,419.4589
317,20050901,2,SO44117,4,1,2,874.794,1749.588
314,20050901,2,SO44117,5,1,1,2146.962,2146.962
316,20050901,2,SO44117,6,1,2,874.794,1749.588
330,20050901,2,SO44117,7,1,1,419.4589,419.4589
322,20050901,2,SO44117,8,1,2,419.4589,838.9178
285,20050901,2,SO44117,9,1,2,178.5808,357.1616
324,20050901,2,SO44117,10,1,1,419.4589,419.4589
275,20050901,2,SO44117,11,1,1,356.898,356.898
326,20050901,2,SO44117,12,1,1,419.4589,419.4589
332,20050901,2,SO44117,13,1,2,419.4589,838.9178
334,20050901,2,SO44117,14,1,1,419.4589,419.4589
262,20050901,2,SO44117,15,1,1,183.9382,183.9382
328,20050901,2,SO44117,16,1,1,419.4589,419.4589
326,20050901,3,SO44118,1,1,1,419.4589,419.4589
324,20050901,3,SO44118,2,1,3,419.4589,1258.3767
319,20050901,3,SO44118,3,1,2,874.794,1749.588
218,20050901,4,SO44119,1,1,6,5.7,34.2
220,20050901,4,SO44119,2,1,3,20.1865,60.5595
223,20050901,4,SO44119,3,1,2,5.1865,10.373
344,20050901,4,SO44119,4,1,4,2039.994,8159.976
346,20050901,4,SO44119,5,1,7,2039.994,14279.958
345,20050901,4,SO44119,6,1,2,2039.994,4079.988
212,20050901,4,SO44119,7,1,3,20.1865,60.5595
347,20050901,4,SO44119,8,1,5,2039.994,10199.97
351,20050901,4,SO44119,9,1,4,2024.994,8099.976
215,20050901,4,SO44119,10,1,3,20.1865,60.5595
350,20050901,4,SO44119,11,1,2,2024.994,4049.988
212,20050901,4,SO44120,1,1,1,20.1865,20.1865
215,20050901,4,SO44120,2,1,2,20.1865,40.373
229,20050901,4,SO44120,3,1,3,28.8404,86.5212
293,20050901,4,SO44120,4,1,1,722.5949,722.5949
345,20050901,4,SO44120,5,1,2,2039.994,4079.988
348,20050901,4,SO44120,6,1,2,2024.994,4049.988
349,20050901,4,SO44120,7,1,3,2024.994,6074.982
346,20050901,4,SO44120,8,1,4,2039.994,8159.976
307,20050901,4,SO44120,9,1,1,722.5949,722.5949
304,20050901,4,SO44120,10,1,3,714.7043,2144.1129
296,20050901,4,SO44120,11,1,1,714.7043,714.7043
223,20050901,4,SO44120,12,1,3,5.1865,15.5595
220,20050901,4,SO44120,13,1,1,20.1865,20.1865
232,20050901,4,SO44120,14,1,2,28.8404,57.6808
235,20050901,4,SO44120,15,1,2,28.8404,57.6808
293,20050901,1,SO44121,1,1,1,722.5949,722.5949
307,20050901,1,SO44121,2,1,1,722.5949,722.5949
344,20050901,1,SO44121,3,1,9,2039.994,18359.946
292,20050901,1,SO44121,4,1,3,818.7,2456.1
351,20050901,1,SO44121,5,1,2,2024.994,4049.988
347,20050901,1,SO44121,6,1,2,2039.994,4079.988
300,20050901,1,SO44121,7,1,2,809.76,1619.52
296,20050901,1,SO44121,8,1,2,714.7043,1429.4086
345,20050901,1,SO44121,9,1,2,2039.994,4079.988
218,20050901,1,SO44121,10,1,6,5.7,34.2
349,20050901,1,SO44121,11,1,2,2024.994,4049.988
346,20050901,1,SO44121,12,1,8,2039.994,16319.952
304,20050901,1,SO44121,13,1,1,714.7043,714.7043
350,20050901,1,SO44121,14,1,3,2024.994,6074.982
350,20050901,5,SO44122,1,1,1,2024.994,2024.994
344,20050901,5,SO44122,2,1,1,2039.994,2039.994
316,20050901,2,SO44123,1,1,1,874.794,874.794
328,20050901,4,SO44124,1,1,4,419.4589,1677.8356
324,20050901,4,SO44124,2,1,2,419.4589,838.9178
235,20050901,4,SO44124,3,1,1,28.8404,28.8404
319,20050901,4,SO44124,4,1,3,874.794,2624.382
229,20050901,4,SO44124,5,1,1,28.8404,28.8404
253,20050901,4,SO44124,6,1,1,178.5808,178.5808
314,20050901,4,SO44124,7,1,1,2146.962,2146.962
220,20050901,4,SO44124,8,1,1,20.1865,20.1865
338,20050901,4,SO44124,9,1,1,419.4589,419.4589
272,20050901,4,SO44124,10,1,1,183.9382,183.9382
322,20050901,4,SO44124,11,1,5,419.4589,2097.2945
270,20050901,4,SO44124,12,1,1,183.9382,183.9382
317,20050901,4,SO44124,13,1,2,874.794,1749.588
212,20050901,4,SO44124,14,1,1,20.1865,20.1865
334,20050901,4,SO44124,15,1,1,419.4589,419.4589
330,20050901,4,SO44124,16,1,2,419.4589,838.9178
332,20050901,4,SO44124,17,1,2,419.4589,838.9178
262,20050901,4,SO44124,18,1,2,183.9382,367.8764
215,20050901,4,SO44124,19,1,2,20.1865,40.373
275,20050901,4,SO44124,20,1,2,356.898,713.796
223,20050901,4,SO44124,21,1,4,5.1865,20.746
223,20050901,3,SO44125,1,1,3,5.1865,15.5595
319,20050901,3,SO44125,2,1,2,874.794,1749.588
326,20050901,3,SO44125,3,1,2,419.4589,838.9178
349,20050901,1,SO44126,1,1,1,2024.994,2024.994
218,20050901,1,SO44126,2,1,2,5.7,11.4
344,20050901,1,SO44126,3,1,1,2039.994,2039.994
345,20050901,1,SO44126,4,1,2,2039.994,4079.988
350,20050901,1,SO44126,5,1,2,2024.994,4049.988
219,20050901,1,SO44126,6,1,3,5.7,17.1
346,20050901,1,SO44126,7,1,1,2039.994,2039.994
347,20050901,4,SO44127,1,1,2,2039.994,4079.988
307,20050901,4,SO44127,2,1,1,722.5949,722.5949
293,20050901,4,SO44127,3,1,6,722.5949,4335.5694
304,20050901,4,SO44127,4,1,2,714.7043,1429.4086
212,20050901,4,SO44127,5,1,1,20.1865,20.1865
220,20050901,4,SO44127,6,1,2,20.1865,40.373
351,20050901,4,SO44127,7,1,3,2024.994,6074.982
215,20050901,4,SO44127,8,1,1,20.1865,20.1865
349,20050901,4,SO44127,9,1,5,2024.994,10124.97
223,20050901,4,SO44127,10,1,3,5.1865,15.5595
350,20050901,4,SO44127,11,1,6,2024.994,12149.964
348,20050901,4,SO44127,12,1,6,2024.994,12149.964
232,20050901,4,SO44127,13,1,2,28.8404,57.6808
235,20050901,4,SO44127,14,1,1,28.8404,28.8404
345,20050901,4,SO44127,15,1,5,2039.994,10199.97
218,20050901,4,SO44127,16,1,5,5.7,28.5
292,20050901,4,SO44127,17,1,4,818.7,3274.8
346,20050901,4,SO44127,18,1,6,2039.994,12239.964
300,20050901,4,SO44127,19,1,2,809.76,1619.52
229,20050901,4,SO44127,20,1,2,28.8404,57.6808
344,20050901,4,SO44127,21,1,5,2039.994,10199.97
296,20050901,4,SO44127,22,1,3,714.7043,2144.1129
348,20050901,5,SO44128,1,1,3,2024.994,6074.982
347,20050901,5,SO44128,2,1,1,2039.994,2039.994
346,20050901,5,SO44128,3,1,1,2039.994,2039.994
344,20050901,5,SO44128,4,1,1,2039.994,2039.994
215,20050901,5,SO44128,5,1,2,20.1865,40.373
220,20050901,5,SO44128,6,1,2,20.1865,40.373
232,20050901,5,SO44128,7,1,4,28.8404,115.3616
351,20050901,5,SO44128,8,1,1,2024.994,2024.994
345,20050901,5,SO44128,9,1,2,2039.994,4079.988
212,20050901,5,SO44128,10,1,1,20.1865,20.1865
223,20050901,5,SO44128,11,1,5,5.1865,25.9325
332,20050901,2,SO44129,1,1,5,419.4589,2097.2945
220,20050901,2,SO44129,2,1,3,20.1865,60.5595
326,20050901,2,SO44129,3,1,2,419.4589,838.9178
316,20050901,2,SO44129,4,1,6,874.794,5248.764
253,20050901,2,SO44129,5,1,3,178.5808,535.7424
324,20050901,2,SO44129,6,1,7,419.4589,2936.2123
232,20050901,2,SO44129,7,1,5,28.8404,144.202
272,20050901,2,SO44129,8,1,3,183.9382,551.8146
330,20050901,2,SO44129,9,1,2,419.4589,838.9178
270,20050901,2,SO44129,10,1,4,183.9382,735.7528
328,20050901,2,SO44129,11,1,5,419.4589,2097.2945
334,20050901,2,SO44129,12,1,2,419.4589,838.9178
338,20050901,2,SO44129,13,1,2,419.4589,838.9178
229,20050901,2,SO44129,14,1,6,28.8404,173.0424
285,20050901,2,SO44129,15,1,3,178.5808,535.7424
212,20050901,2,SO44129,16,1,2,20.1865,40.373
275,20050901,2,SO44129,17,1,1,356.898,356.898
310,20050901,2,SO44129,18,1,2,2146.962,4293.924
315,20050901,2,SO44129,19,1,10,874.794,8747.94
322,20050901,2,SO44129,20,1,3,419.4589,1258.3767
235,20050901,2,SO44129,21,1,4,28.8404,115.3616
314,20050901,2,SO44129,22,1,4,2146.962,8587.848
342,20050901,2,SO44129,23,1,3,419.4589,1258.3767
317,20050901,2,SO44129,24,1,3,874.794,2624.382
319,20050901,2,SO44129,25,1,9,874.794,7873.146
264,20050901,2,SO44129,26,1,1,183.9382,183.9382
276,20050901,2,SO44129,27,1,4,356.898,1427.592
262,20050901,2,SO44129,28,1,2,183.9382,367.8764
215,20050901,2,SO44129,29,1,3,20.1865,60.5595
223,20050901,2,SO44129,30,1,6,5.1865,31.119
344,20050901,5,SO44130,1,1,6,2039.994,12239.964
349,20050901,5,SO44130,2,1,4,2024.994,8099.976
304,20050901,5,SO44130,3,1,1,714.7043,714.7043
218,20050901,5,SO44130,4,1,6,5.7,34.2
351,20050901,5,SO44130,5,1,3,2024.994,6074.982
220,20050901,5,SO44130,6,1,1,20.1865,20.1865
307,20050901,5,SO44130,7,1,1,722.5949,722.5949
348,20050901,5,SO44130,8,1,3,2024.994,6074.982
296,20050901,5,SO44130,9,1,2,714.7043,1429.4086
218,20050901,2,SO44131,1,1,6,5.7,34.2
212,20050901,2,SO44131,2,1,2,20.1865,40.373
349,20050901,2,SO44131,3,1,3,2024.994,6074.982
215,20050901,2,SO44131,4,1,5,20.1865,100.9325
346,20050901,2,SO44131,5,1,1,2039.994,2039.994
235,20050901,2,SO44131,6,1,1,28.8404,28.8404
344,20050901,2,SO44131,7,1,2,2039.994,4079.988
351,20050901,2,SO44131,8,1,2,2024.994,4049.988
345,20050901,2,SO44131,9,1,1,2039.994,2039.994
350,20050901,2,SO44131,10,1,1,2024.994,2024.994
351,20050901,5,SO44132,1,1,2,2024.994,4049.988
317,20050901,5,SO44133,1,1,1,874.794,874.794
334,20050901,5,SO44133,2,1,3,419.4589,1258.3767
330,20050901,5,SO44133,3,1,1,419.4589,419.4589
316,20050901,5,SO44133,4,1,5,874.794,4373.97
315,20050901,5,SO44133,5,1,2,874.794,1749.588
338,20050901,5,SO44133,6,1,1,419.4589,419.4589
324,20050901,5,SO44133,7,1,2,419.4589,838.9178
328,20050901,5,SO44133,8,1,2,419.4589,838.9178
342,20050901,5,SO44133,9,1,5,419.4589,2097.2945
314,20050901,5,SO44133,10,1,4,2146.962,8587.848
212,20050901,5,SO44133,11,1,1,20.1865,20.1865
270,20050901,5,SO44133,12,1,2,183.9382,367.8764
326,20050901,5,SO44133,13,1,3,419.4589,1258.3767
285,20050901,5,SO44133,14,1,3,178.5808,535.7424
322,20050901,5,SO44133,15,1,3,419.4589,1258.3767
332,20050901,5,SO44133,16,1,1,419.4589,419.4589
262,20050901,5,SO44133,17,1,2,183.9382,367.8764
229,20051001,2,SO44280,1,1,2,28.8404,57.6808
342,20051001,4,SO44281,1,1,1,419.4589,419.4589
346,20051001,6,SO44282,1,1,4,2039.994,8159.976
215,20051001,6,SO44282,2,1,3,20.1865,60.5595
300,20051001,6,SO44282,3,1,1,809.76,809.76
288,20051001,6,SO44282,4,1,2,722.5949,1445.1898
235,20051001,6,SO44282,5,1,4,28.8404,115.3616
229,20051001,6,SO44282,6,1,3,28.8404,86.5212
212,20051001,6,SO44282,7,1,2,20.1865,40.373
345,20051001,6,SO44282,8,1,2,2039.994,4079.988
220,20051001,6,SO44282,9,1,4,20.1865,80.746
299,20051001,6,SO44282,10,1,1,809.76,809.76
293,20051001,6,SO44282,11,1,2,722.5949,1445.1898
296,20051001,6,SO44282,12,1,1,714.7043,714.7043
232,20051001,6,SO44282,13,1,6,28.8404,173.0424
348,20051001,6,SO44282,14,1,8,2024.994,16199.952
344,20051001,6,SO44282,15,1,3,2039.994,6119.982
319,20051001,6,SO44283,1,1,8,874.794,6998.352
317,20051001,6,SO44283,2,1,2,874.794,1749.588
272,20051001,6,SO44283,3,1,1,183.9382,183.9382
316,20051001,6,SO44283,4,1,2,874.794,1749.588
314,20051001,6,SO44283,5,1,2,2146.962,4293.924
326,20051001,6,SO44283,6,1,5,419.4589,2097.2945
342,20051001,6,SO44283,7,1,12,405.477,4865.724
279,20051001,6,SO44283,8,1,1,178.5808,178.5808
328,20051001,6,SO44283,9,1,8,419.4589,3355.6712
264,20051001,6,SO44283,10,1,1,183.9382,183.9382
253,20051001,6,SO44283,11,1,3,178.5808,535.7424
338,20051001,6,SO44283,12,1,2,419.4589,838.9178
336,20051001,6,SO44283,13,1,1,419.4589,419.4589
270,20051001,6,SO44283,14,1,1,183.9382,183.9382
310,20051001,6,SO44283,15,1,1,2146.962,2146.962
324,20051001,6,SO44283,16,1,2,419.4589,838.9178
276,20051001,6,SO44283,17,1,2,356.898,713.796
330,20051001,6,SO44283,18,1,2,419.4589,838.9178
262,20051001,6,SO44283,19,1,3,183.9382,551.8146
332,20051001,6,SO44283,20,1,6,419.4589,2516.7534
238,20051001,6,SO44283,21,1,2,758.0759,1516.1518
220,20051001,6,SO44283,22,1,2,20.1865,40.373
340,20051001,6,SO44283,23,1,2,419.4589,838.9178
266,20051001,6,SO44283,24,1,1,183.9382,183.9382
334,20051001,6,SO44283,25,1,1,419.4589,419.4589
315,20051001,6,SO44283,26,1,6,874.794,5248.764
285,20051001,6,SO44283,27,1,2,178.5808,357.1616
212,20051001,1,SO44284,1,1,3,20.1865,60.5595
232,20051001,1,SO44284,2,1,1,28.8404,28.8404
351,20051001,1,SO44284,3,1,7,2024.994,14174.958
218,20051001,1,SO44284,4,1,23,5.225,120.175
229,20051001,1,SO44284,5,1,5,28.8404,144.202
345,20051001,1,SO44284,6,1,6,2039.994,12239.964
347,20051001,1,SO44284,7,1,4,2039.994,8159.976
215,20051001,1,SO44284,8,1,3,20.1865,60.5595
344,20051001,1,SO44284,9,1,4,2039.994,8159.976
235,20051001,1,SO44284,10,1,1,28.8404,28.8404
349,20051001,1,SO44284,11,1,10,2024.994,20249.94
348,20051001,1,SO44284,12,1,4,2024.994,8099.976
350,20051001,1,SO44284,13,1,4,2024.994,8099.976
346,20051001,1,SO44284,14,1,4,2039.994,8159.976
220,20051001,1,SO44284,15,1,4,20.1865,80.746
223,20051001,1,SO44284,16,1,1,5.1865,5.1865
218,20051001,1,SO44285,1,1,12,5.51,66.12
348,20051001,1,SO44285,2,1,2,2024.994,4049.988
219,20051001,1,SO44285,3,1,6,5.7,34.2
344,20051001,1,SO44285,4,1,3,2039.994,6119.982
292,20051001,1,SO44285,5,1,3,818.7,2456.1
351,20051001,1,SO44285,6,1,2,2024.994,4049.988
347,20051001,1,SO44285,7,1,4,2039.994,8159.976
346,20051001,1,SO44285,8,1,5,2039.994,10199.97
345,20051001,1,SO44285,9,1,4,2039.994,8159.976
349,20051001,1,SO44285,10,1,2,2024.994,4049.988
350,20051001,1,SO44285,11,1,3,2024.994,6074.982
296,20051001,1,SO44285,12,1,2,714.7043,1429.4086
307,20051001,1,SO44285,13,1,4,722.5949,2890.3796
317,20051001,4,SO44286,1,1,1,874.794,874.794
314,20051001,4,SO44286,2,1,1,2146.962,2146.962
330,20051001,4,SO44286,3,1,1,419.4589,419.4589
334,20051001,4,SO44286,4,1,2,419.4589,838.9178
328,20051001,4,SO44286,5,1,1,419.4589,419.4589
338,20051001,4,SO44286,6,1,2,419.4589,838.9178
346,20051001,3,SO44287,1,1,2,2039.994,4079.988
350,20051001,3,SO44287,2,1,2,2024.994,4049.988
349,20051001,3,SO44287,3,1,1,2024.994,2024.994
218,20051001,3,SO44287,4,1,3,5.7,17.1
344,20051001,3,SO44287,5,1,3,2039.994,6119.982
324,20051001,6,SO44288,1,1,4,419.4589,1677.8356
340,20051001,6,SO44288,2,1,1,419.4589,419.4589
262,20051001,6,SO44288,3,1,4,183.9382,735.7528
235,20051001,6,SO44288,4,1,1,28.8404,28.8404
319,20051001,6,SO44288,5,1,2,874.794,1749.588
322,20051001,6,SO44288,6,1,6,419.4589,2516.7534
336,20051001,6,SO44288,7,1,1,419.4589,419.4589
238,20051001,6,SO44288,8,1,1,758.0759,758.0759
232,20051001,6,SO44288,9,1,4,28.8404,115.3616
220,20051001,6,SO44288,10,1,1,20.1865,20.1865
270,20051001,6,SO44288,11,1,5,183.9382,919.691
276,20051001,6,SO44288,12,1,3,356.898,1070.694
334,20051001,6,SO44288,13,1,4,419.4589,1677.8356
317,20051001,6,SO44288,14,1,3,874.794,2624.382
285,20051001,6,SO44288,15,1,3,178.5808,535.7424
223,20051001,6,SO44288,16,1,2,5.1865,10.373
332,20051001,6,SO44288,17,1,5,419.4589,2097.2945
315,20051001,6,SO44288,18,1,3,874.794,2624.382
342,20051001,6,SO44288,19,1,3,419.4589,1258.3767
338,20051001,6,SO44288,20,1,4,419.4589,1677.8356
212,20051001,6,SO44288,21,1,3,20.1865,60.5595
229,20051001,6,SO44288,22,1,1,28.8404,28.8404
253,20051001,6,SO44288,23,1,5,178.5808,892.904
264,20051001,6,SO44288,24,1,3,183.9382,551.8146
272,20051001,6,SO44288,25,1,3,183.9382,551.8146
241,20051001,6,SO44288,26,1,3,758.0759,2274.2277
328,20051001,6,SO44288,27,1,4,419.4589,1677.8356
316,20051001,6,SO44288,28,1,3,874.794,2624.382
215,20051001,6,SO44288,29,1,4,20.1865,80.746
326,20051001,6,SO44288,30,1,6,419.4589,2516.7534
310,20051001,6,SO44288,31,1,3,2146.962,6440.886
330,20051001,6,SO44288,32,1,2,419.4589,838.9178
314,20051001,6,SO44288,33,1,1,2146.962,2146.962
279,20051001,6,SO44288,34,1,1,178.5808,178.5808
348,20051001,3,SO44289,1,1,1,2024.994,2024.994
344,20051001,3,SO44289,2,1,1,2039.994,2039.994
218,20051001,3,SO44289,3,1,3,5.7,17.1
319,20051001,4,SO44290,1,1,2,874.794,1749.588
342,20051001,4,SO44290,2,1,1,419.4589,419.4589
322,20051001,4,SO44290,3,1,1,419.4589,419.4589
326,20051001,4,SO44290,4,1,3,419.4589,1258.3767
288,20051001,1,SO44291,1,1,4,722.5949,2890.3796
299,20051001,1,SO44291,2,1,2,809.76,1619.52
223,20051001,3,SO44292,1,1,1,5.1865,5.1865
342,20051001,3,SO44292,2,1,3,419.4589,1258.3767
332,20051001,3,SO44292,3,1,1,419.4589,419.4589
319,20051001,3,SO44292,4,1,2,874.794,1749.588
340,20051001,2,SO44293,1,1,1,419.4589,419.4589
320,20051001,2,SO44293,2,1,1,419.4589,419.4589
262,20051001,2,SO44293,3,1,4,183.9382,735.7528
334,20051001,2,SO44293,4,1,2,419.4589,838.9178
314,20051001,2,SO44293,5,1,3,2146.962,6440.886
223,20051001,2,SO44293,6,1,2,5.1865,10.373
324,20051001,2,SO44293,7,1,1,419.4589,419.4589
328,20051001,2,SO44293,8,1,2,419.4589,838.9178
270,20051001,2,SO44293,9,1,1,183.9382,183.9382
215,20051001,2,SO44293,10,1,4,20.1865,80.746
212,20051001,2,SO44293,11,1,1,20.1865,20.1865
229,20051001,2,SO44293,12,1,2,28.8404,57.6808
312,20051001,2,SO44293,13,1,1,2146.962,2146.962
326,20051001,2,SO44293,14,1,1,419.4589,419.4589
330,20051001,2,SO44293,15,1,1,419.4589,419.4589
322,20051001,2,SO44293,16,1,2,419.4589,838.9178
336,20051001,2,SO44293,17,1,4,419.4589,1677.8356
315,20051001,2,SO44293,18,1,1,874.794,874.794
338,20051001,2,SO44293,19,1,2,419.4589,838.9178
235,20051001,2,SO44293,20,1,2,28.8404,57.6808
232,20051001,2,SO44293,21,1,2,28.8404,57.6808
285,20051001,2,SO44293,22,1,1,178.5808,178.5808
332,20051001,2,SO44293,23,1,2,419.4589,838.9178
316,20051001,2,SO44293,24,1,1,874.794,874.794
313,20051001,2,SO44293,25,1,2,2146.962,4293.924
296,20051001,6,SO44294,1,1,1,714.7043,714.7043
348,20051001,6,SO44294,2,1,4,2024.994,8099.976
218,20051001,6,SO44294,3,1,18,5.225,94.05
347,20051001,6,SO44294,4,1,4,2039.994,8159.976
344,20051001,6,SO44294,5,1,6,2039.994,12239.964
351,20051001,6,SO44294,6,1,4,2024.994,8099.976
307,20051001,6,SO44294,7,1,1,722.5949,722.5949
349,20051001,6,SO44294,8,1,4,2024.994,8099.976
350,20051001,6,SO44294,9,1,5,2024.994,10124.97
292,20051001,6,SO44294,10,1,2,818.7,1637.4
346,20051001,6,SO44294,11,1,2,2039.994,4079.988
342,20051001,6,SO44295,1,1,1,419.4589,419.4589
332,20051001,6,SO44295,2,1,3,419.4589,1258.3767
326,20051001,6,SO44295,3,1,3,419.4589,1258.3767
322,20051001,6,SO44295,4,1,3,419.4589,1258.3767
232,20051001,6,SO44295,5,1,2,28.8404,57.6808
324,20051001,6,SO44295,6,1,2,419.4589,838.9178
319,20051001,6,SO44295,7,1,2,874.794,1749.588
315,20051001,6,SO44295,8,1,3,874.794,2624.382
223,20051001,6,SO44295,9,1,2,5.1865,10.373
285,20051001,3,SO44296,1,1,1,178.5808,178.5808
342,20051001,3,SO44296,2,1,4,419.4589,1677.8356
328,20051001,3,SO44296,3,1,1,419.4589,419.4589
215,20051001,3,SO44296,4,1,5,20.1865,100.9325
275,20051001,3,SO44296,5,1,1,356.898,356.898
340,20051001,3,SO44296,6,1,2,419.4589,838.9178
317,20051001,3,SO44296,7,1,1,874.794,874.794
311,20051001,3,SO44296,8,1,3,2146.962,6440.886
212,20051001,3,SO44296,9,1,2,20.1865,40.373
338,20051001,3,SO44296,10,1,2,419.4589,838.9178
310,20051001,3,SO44296,11,1,5,2146.962,10734.81
316,20051001,3,SO44296,12,1,2,874.794,1749.588
315,20051001,3,SO44296,13,1,1,874.794,874.794
313,20051001,3,SO44296,14,1,1,2146.962,2146.962
235,20051001,3,SO44296,15,1,1,28.8404,28.8404
229,20051001,3,SO44296,16,1,2,28.8404,57.6808
223,20051001,3,SO44296,17,1,4,5.1865,20.746
262,20051001,3,SO44296,18,1,3,183.9382,551.8146
270,20051001,3,SO44296,19,1,1,183.9382,183.9382
326,20051001,3,SO44296,20,1,1,419.4589,419.4589
334,20051001,3,SO44296,21,1,2,419.4589,838.9178
332,20051001,3,SO44296,22,1,1,419.4589,419.4589
319,20051001,3,SO44296,23,1,1,874.794,874.794
336,20051001,3,SO44296,24,1,1,419.4589,419.4589
330,20051001,3,SO44296,25,1,1,419.4589,419.4589
318,20051001,3,SO44296,26,1,1,874.794,874.794
351,20051001,5,SO44297,1,1,1,2024.994,2024.994
347,20051001,5,SO44297,2,1,1,2039.994,2039.994
346,20051001,5,SO44297,3,1,1,2039.994,2039.994
349,20051001,5,SO44297,4,1,1,2024.994,2024.994
223,20051001,5,SO44297,5,1,3,5.1865,15.5595
219,20051001,5,SO44297,6,1,3,5.7,17.1
232,20051001,5,SO44297,7,1,1,28.8404,28.8404
345,20051001,5,SO44297,8,1,1,2039.994,2039.994
235,20051001,6,SO44298,1,1,4,28.8404,115.3616
270,20051001,6,SO44298,2,1,1,183.9382,183.9382
275,20051001,6,SO44298,3,1,1,356.898,356.898
334,20051001,6,SO44298,4,1,1,419.4589,419.4589
336,20051001,6,SO44298,5,1,1,419.4589,419.4589
319,20051001,6,SO44298,6,1,1,874.794,874.794
324,20051001,6,SO44298,7,1,1,419.4589,419.4589
312,20051001,6,SO44298,8,1,1,2146.962,2146.962
315,20051001,6,SO44298,9,1,2,874.794,1749.588
318,20051001,6,SO44298,10,1,1,874.794,874.794
328,20051001,6,SO44298,11,1,1,419.4589,419.4589
332,20051001,6,SO44298,12,1,2,419.4589,838.9178
212,20051001,6,SO44298,13,1,5,20.1865,100.9325
314,20051001,6,SO44298,14,1,5,2146.962,10734.81
338,20051001,6,SO44298,15,1,2,419.4589,838.9178
262,20051001,6,SO44298,16,1,1,183.9382,183.9382
326,20051001,6,SO44298,17,1,1,419.4589,419.4589
342,20051001,6,SO44298,18,1,1,419.4589,419.4589
340,20051001,6,SO44298,19,1,4,419.4589,1677.8356
272,20051001,6,SO44298,20,1,1,183.9382,183.9382
316,20051001,6,SO44298,21,1,3,874.794,2624.382
317,20051001,6,SO44298,22,1,1,874.794,874.794
264,20051001,6,SO44298,23,1,1,183.9382,183.9382
253,20051001,6,SO44298,24,1,2,178.5808,357.1616
232,20051001,6,SO44298,25,1,1,28.8404,28.8404
285,20051001,6,SO44298,26,1,1,178.5808,178.5808
220,20051001,6,SO44298,27,1,2,20.1865,40.373
326,20051001,4,SO44299,1,1,1,419.4589,419.4589
334,20051001,4,SO44299,2,1,2,419.4589,838.9178
235,20051001,4,SO44299,3,1,1,28.8404,28.8404
212,20051001,4,SO44299,4,1,1,20.1865,20.1865
338,20051001,4,SO44299,5,1,1,419.4589,419.4589
342,20051001,4,SO44299,6,1,1,419.4589,419.4589
262,20051001,4,SO44299,7,1,1,183.9382,183.9382
232,20051001,4,SO44299,8,1,1,28.8404,28.8404
229,20051001,4,SO44299,9,1,3,28.8404,86.5212
316,20051001,4,SO44299,10,1,1,874.794,874.794
324,20051001,4,SO44299,11,1,1,419.4589,419.4589
264,20051001,4,SO44299,12,1,1,183.9382,183.9382
312,20051001,4,SO44299,13,1,5,2146.962,10734.81
332,20051001,4,SO44299,14,1,1,419.4589,419.4589
318,20051001,4,SO44299,15,1,2,874.794,1749.588
314,20051001,4,SO44299,16,1,2,2146.962,4293.924
270,20051001,4,SO44299,17,1,2,183.9382,367.8764
322,20051001,4,SO44299,18,1,1,419.4589,419.4589
336,20051001,4,SO44299,19,1,1,419.4589,419.4589
340,20051001,4,SO44299,20,1,2,419.4589,838.9178
223,20051001,4,SO44299,21,1,5,5.1865,25.9325
320,20051001,4,SO44299,22,1,1,419.4589,419.4589
215,20051001,4,SO44299,23,1,2,20.1865,40.373
285,20051001,4,SO44299,24,1,1,178.5808,178.5808
317,20051001,4,SO44299,25,1,1,874.794,874.794
310,20051001,4,SO44299,26,1,2,2146.962,4293.924
319,20051001,4,SO44299,27,1,3,874.794,2624.382
315,20051001,6,SO44300,1,1,1,874.794,874.794
232,20051001,6,SO44300,2,1,2,28.8404,57.6808
322,20051001,6,SO44300,3,1,1,419.4589,419.4589
223,20051001,6,SO44300,4,1,3,5.1865,15.5595
326,20051001,6,SO44300,5,1,1,419.4589,419.4589
328,20051001,6,SO44300,6,1,1,419.4589,419.4589
342,20051001,6,SO44300,7,1,2,419.4589,838.9178
319,20051001,6,SO44300,8,1,4,874.794,3499.176
324,20051001,6,SO44300,9,1,1,419.4589,419.4589
332,20051001,6,SO44300,10,1,2,419.4589,838.9178
253,20051001,4,SO44301,1,1,2,178.5808,357.1616
338,20051001,4,SO44301,2,1,2,419.4589,838.9178
324,20051001,4,SO44301,3,1,1,419.4589,419.4589
275,20051001,4,SO44301,4,1,3,356.898,1070.694
318,20051001,4,SO44301,5,1,3,874.794,2624.382
215,20051001,4,SO44301,6,1,1,20.1865,20.1865
320,20051001,4,SO44301,7,1,1,419.4589,419.4589
330,20051001,4,SO44301,8,1,1,419.4589,419.4589
313,20051001,4,SO44301,9,1,1,2146.962,2146.962
334,20051001,4,SO44301,10,1,1,419.4589,419.4589
235,20051001,4,SO44301,11,1,4,28.8404,115.3616
311,20051001,4,SO44301,12,1,5,2146.962,10734.81
314,20051001,4,SO44301,13,1,1,2146.962,2146.962
229,20051001,4,SO44301,14,1,1,28.8404,28.8404
342,20051001,4,SO44301,15,1,1,419.4589,419.4589
220,20051001,4,SO44301,16,1,1,20.1865,20.1865
332,20051001,4,SO44301,17,1,2,419.4589,838.9178
322,20051001,4,SO44301,18,1,1,419.4589,419.4589
212,20051001,4,SO44301,19,1,2,20.1865,40.373
317,20051001,4,SO44301,20,1,2,874.794,1749.588
310,20051001,4,SO44301,21,1,1,2146.962,2146.962
264,20051001,4,SO44301,22,1,1,183.9382,183.9382
285,20051001,4,SO44301,23,1,1,178.5808,178.5808
232,20051001,4,SO44301,24,1,2,28.8404,57.6808
315,20051001,4,SO44301,25,1,1,874.794,874.794
340,20051001,4,SO44301,26,1,1,419.4589,419.4589
262,20051001,4,SO44301,27,1,2,183.9382,367.8764
313,20051001,5,SO44302,1,1,1,2146.962,2146.962
219,20051001,2,SO44303,1,1,1,5.7,5.7
350,20051001,5,SO44304,1,1,2,2024.994,4049.988
349,20051001,5,SO44304,2,1,3,2024.994,6074.982
293,20051001,5,SO44304,3,1,1,722.5949,722.5949
296,20051001,5,SO44304,4,1,1,714.7043,714.7043
348,20051001,5,SO44304,5,1,5,2024.994,10124.97
300,20051001,5,SO44304,6,1,1,809.76,809.76
347,20051001,5,SO44304,7,1,4,2039.994,8159.976
307,20051001,5,SO44304,8,1,1,722.5949,722.5949
345,20051001,5,SO44304,9,1,3,2039.994,6119.982
351,20051001,5,SO44305,1,1,2,2024.994,4049.988
344,20051001,5,SO44305,2,1,2,2039.994,4079.988
346,20051001,5,SO44305,3,1,2,2039.994,4079.988
347,20051001,5,SO44305,4,1,2,2039.994,4079.988
296,20051001,5,SO44305,5,1,2,714.7043,1429.4086
292,20051001,5,SO44305,6,1,1,818.7,818.7
229,20051001,5,SO44305,7,1,2,28.8404,57.6808
232,20051001,5,SO44305,8,1,1,28.8404,28.8404
235,20051001,5,SO44305,9,1,2,28.8404,57.6808
218,20051001,5,SO44305,10,1,12,5.51,66.12
219,20051001,5,SO44305,11,1,3,5.7,17.1
223,20051001,5,SO44305,12,1,3,5.1865,15.5595
220,20051001,5,SO44305,13,1,2,20.1865,40.373
212,20051001,5,SO44305,14,1,2,20.1865,40.373
215,20051001,5,SO44305,15,1,1,20.1865,20.1865
310,20051001,5,SO44306,1,1,2,2146.962,4293.924
326,20051001,5,SO44306,2,1,3,419.4589,1258.3767
220,20051001,5,SO44306,3,1,4,20.1865,80.746
235,20051001,5,SO44306,4,1,2,28.8404,57.6808
322,20051001,5,SO44306,5,1,3,419.4589,1258.3767
212,20051001,5,SO44306,6,1,8,20.1865,161.492
275,20051001,5,SO44306,7,1,1,356.898,356.898
342,20051001,5,SO44306,8,1,3,419.4589,1258.3767
270,20051001,5,SO44306,9,1,1,183.9382,183.9382
272,20051001,5,SO44306,10,1,2,183.9382,367.8764
229,20051001,5,SO44306,11,1,3,28.8404,86.5212
334,20051001,5,SO44306,12,1,1,419.4589,419.4589
264,20051001,5,SO44306,13,1,1,183.9382,183.9382
328,20051001,5,SO44306,14,1,6,419.4589,2516.7534
330,20051001,5,SO44306,15,1,1,419.4589,419.4589
324,20051001,5,SO44306,16,1,5,419.4589,2097.2945
316,20051001,5,SO44306,17,1,2,874.794,1749.588
285,20051001,5,SO44306,18,1,1,178.5808,178.5808
332,20051001,5,SO44306,19,1,4,419.4589,1677.8356
223,20051001,5,SO44306,20,1,8,5.1865,41.492
342,20051001,2,SO44307,1,1,1,419.4589,419.4589
315,20051001,2,SO44307,2,1,2,874.794,1749.588
324,20051001,2,SO44307,3,1,1,419.4589,419.4589
322,20051001,2,SO44307,4,1,2,419.4589,838.9178
326,20051001,2,SO44307,5,1,2,419.4589,838.9178
328,20051001,2,SO44307,6,1,4,419.4589,1677.8356
332,20051001,2,SO44307,7,1,4,419.4589,1677.8356
223,20051001,2,SO44307,8,1,4,5.1865,20.746
232,20051001,2,SO44307,9,1,4,28.8404,115.3616
349,20051001,1,SO44308,1,1,2,2024.994,4049.988
212,20051001,1,SO44308,2,1,2,20.1865,40.373
215,20051001,1,SO44308,3,1,1,20.1865,20.1865
235,20051001,1,SO44308,4,1,1,28.8404,28.8404
347,20051001,1,SO44308,5,1,2,2039.994,4079.988
350,20051001,1,SO44308,6,1,2,2024.994,4049.988
220,20051001,1,SO44308,7,1,2,20.1865,40.373
232,20051001,1,SO44308,8,1,1,28.8404,28.8404
218,20051001,1,SO44308,9,1,6,5.7,34.2
326,20051001,5,SO44309,1,1,1,419.4589,419.4589
310,20051001,5,SO44309,2,1,1,2146.962,2146.962
342,20051001,5,SO44309,3,1,1,419.4589,419.4589
314,20051001,5,SO44309,4,1,2,2146.962,4293.924
215,20051001,5,SO44309,5,1,1,20.1865,20.1865
338,20051001,5,SO44309,6,1,3,419.4589,1258.3767
334,20051001,5,SO44309,7,1,5,419.4589,2097.2945
330,20051001,5,SO44309,8,1,1,419.4589,419.4589
322,20051001,5,SO44309,9,1,2,419.4589,838.9178
320,20051001,5,SO44309,10,1,1,419.4589,419.4589
317,20051001,5,SO44309,11,1,2,874.794,1749.588
315,20051001,5,SO44309,12,1,3,874.794,2624.382
262,20051001,5,SO44309,13,1,1,183.9382,183.9382
311,20051001,5,SO44309,14,1,1,2146.962,2146.962
328,20051001,5,SO44309,15,1,2,419.4589,838.9178
324,20051001,5,SO44309,16,1,1,419.4589,419.4589
318,20051001,5,SO44309,17,1,1,874.794,874.794
312,20051001,5,SO44309,18,1,3,2146.962,6440.886
272,20051001,5,SO44310,1,1,1,183.9382,183.9382
315,20051001,2,SO44311,1,1,2,874.794,1749.588
314,20051001,2,SO44311,2,1,1,2146.962,2146.962
330,20051001,2,SO44311,3,1,1,419.4589,419.4589
336,20051001,2,SO44311,4,1,2,419.4589,838.9178
340,20051001,2,SO44311,5,1,3,419.4589,1258.3767
241,20051001,2,SO44311,6,1,1,758.0759,758.0759
279,20051001,2,SO44311,7,1,1,178.5808,178.5808
342,20051001,1,SO44312,1,1,1,419.4589,419.4589
322,20051001,1,SO44312,2,1,1,419.4589,419.4589
326,20051001,1,SO44312,3,1,1,419.4589,419.4589
332,20051001,1,SO44312,4,1,2,419.4589,838.9178
334,20051001,2,SO44313,1,1,3,419.4589,1258.3767
311,20051001,2,SO44313,2,1,1,2146.962,2146.962
319,20051001,2,SO44313,3,1,2,874.794,1749.588
317,20051001,2,SO44313,4,1,1,874.794,874.794
316,20051001,2,SO44313,5,1,2,874.794,1749.588
315,20051001,2,SO44313,6,1,1,874.794,874.794
313,20051001,2,SO44313,7,1,3,2146.962,6440.886
332,20051001,2,SO44313,8,1,2,419.4589,838.9178
340,20051001,2,SO44313,9,1,1,419.4589,419.4589
322,20051001,2,SO44313,10,1,1,419.4589,419.4589
310,20051001,2,SO44313,11,1,1,2146.962,2146.962
270,20051001,2,SO44313,12,1,1,183.9382,183.9382
318,20051001,2,SO44313,13,1,1,874.794,874.794
272,20051001,2,SO44313,14,1,2,183.9382,367.8764
285,20051001,2,SO44313,15,1,3,178.5808,535.7424
264,20051001,2,SO44313,16,1,1,183.9382,183.9382
275,20051001,2,SO44313,17,1,1,356.898,356.898
330,20051001,2,SO44313,18,1,5,419.4589,2097.2945
324,20051001,2,SO44313,19,1,3,419.4589,1258.3767
342,20051001,2,SO44313,20,1,1,419.4589,419.4589
338,20051001,2,SO44313,21,1,1,419.4589,419.4589
326,20051001,2,SO44313,22,1,1,419.4589,419.4589
270,20051001,4,SO44314,1,1,1,183.9382,183.9382
262,20051001,4,SO44314,2,1,2,183.9382,367.8764
